1875 2917
232 108 343 159 SILIUS
361 106 533 158 Iufflcus.
550 108 597 157 lv.
616 108 669 163 lid.
750 108 782 155 tt

114 236 207 299 Cryxus
217 236 344 296 Picentem,
358 238 519 301 laurumque,
529 252 571 286 nec
580 236 672 285 eminm
681 238 767 291 smbce

113 301 161 349 Sed
171 302 249 364 gladio
260 302 381 350 Leumm:
400 302 490 350 Picenti
500 301 574 349 resilis
582 301 656 357 iuste,
740 301 785 357 176

113 366 184 428 Ripis
195 366 253 414 lecte
263 366 331 425 Pedi,
342 367 416 414 letum
427 367 489 414 tulit.
520 366 583 413 Aris
594 380 695 430 nemque

112 428 182 477 Dum
193 432 259 493 petit,
272 447 299 479 sc
308 430 367 478 laevo
376 430 502 478 meditatur
511 430 590 478 fellere
600 444 666 493 gyro,

114 494 192 542 Haste
202 494 245 542 viri
254 496 331 542 femur
341 503 363 543 et
373 494 457 559 pariter
467 510 509 558 per
518 494 602 543 anhele
612 493 710 542 volentis

112 558 161 607 Ilia
171 558 230 605 sedit
239 559 301 623 equi,
313 568 336 607 et
346 558 462 621 geminem
473 558 538 606 dedit
546 558 639 606 horride
647 568 754 607 momen.

113 621 192 679 Idem,
204 624 330 686 sanguinei
341 622 428 671 Venuli
438 624 524 672 cervice
534 622 653 681 revellens,
740 622 784 671 181

113 687 202 734 Sternit
213 687 351 751 precipitem
363 687 439 751 tepido
449 696 481 747 te,
490 686 593 745 Ferme,
603 687 666 735 telos

113 751 149 797 Et
159 759 190 808 te,
202 754 246 799 sub
256 752 332 815 gelido
342 752 466 810 nutritum,
478 750 559 810 nulle,
569 751 664 811 velino,

113 814 244 877 Egregium
255 816 367 863 Ausonis
376 816 453 874 decus,
465 830 492 863 ec
501 815 651 863 memorabile
661 829 755 871 numen,

113 879 141 926 Si
151 879 207 926 dent
217 880 266 927 fate
275 896 360 939 mores,
371 888 412 927 eut
421 887 512 929 servent
521 879 606 927 federe
617 880 690 928 Poeni.
741 880 787 926 185

115 943 182 991 'l'um
202 944 340 1005 Remulum,
361 956 431 1009 etque
448 944 506 992 olim
526 943 672 992 celeberrime
692 942 788 993 nemine

213 1008 283 1068 bello,

115 1070 226 1120 Tiburtes
237 1072 340 1136 litigios,
352 1072 554 1137 Hispellatemque
563 1072 711 1133 Metaurum,

114 1135 149 1183 Et
160 1136 278 1197 Clanium,
290 1136 362 1185 dubis
372 1137 495 1184 meditatus
505 1136 600 1200 cuspide
609 1138 702 1186 vulnus.

149 1200 200 1248 Nec
210 1202 274 1249 locus
285 1209 319 1249 est
331 1202 409 1265 Tyriis
419 1200 474 1248 belli
484 1216 612 1264 pugnere3
629 1201 669 1249 sed
678 1215 773 1249 omnem

115 1264 218 1312 Celticus
228 1265 333 1329 implevit
343 1280 451 1329 campum
460 1264 539 1312 furor:
556 1264 621 1313 irrite
630 1266 691 1312 nulli
740 1266 787 1313 19⁰

114 1328 210 1391 Spicula
220 1338 369 1393 torquentum
382 1338 473 1393 statque
480 1344 549 1377 omne
558 1329 583 1376 in
594 1329 788 1393 corporefermm.

115 1392 174 1450 Hic,
185 1393 245 1441 intur
251 1394 359 1457 trepidos,
369 1394 472 1441 immune
482 1393 603 1452 Quirinius
612 1394 708 1452 cudens,

116 1456 164 1504 Cui
173 1456 253 1519 fugere
262 1458 377 1521 ignotum,
390 1466 460 1523 etque
468 1458 555 1506 invicti
564 1467 642 1506 mente
652 1458 757 1523 placebat

116 1522 198 1569 Rebus
208 1522 232 1568 in
243 1522 342 1571 adversis
352 1532 477 1585 exceptum
486 1530 577 1585 pectore
586 1523 668 1579 letum,
741 1523 788 1569 lus

115 1584 218 1649 Cuspide
229 1586 333 1635 flammat
343 1602 439 1651 equum,
450 1601 478 1633 ec
487 1586 598 1650 dispergit
607 1602 670 1650 gese
677 1586 778 1643 hcert03

116 1650 143 1697 Si
153 1650 333 1709 recesserim,
346 1660 416 1715 etque
426 1649 456 1698 cd
466 1666 544 1713 regem
554 1666 662 1715 rumpere
671 1651 732 1699 ferm

115 1714 194 1761 Detur
203 1714 261 1771 iser3
279 1724 399 1779 certusque
409 1714 479 1775 necis,
490 1714 550 1779 petit
558 1716 667 1763 omnibus
676 1714 747 1773 cusis,

116 1777 189 1836 Quod
200 1788 300 1843 nequest
309 1780 399 1839 sentire,
411 1779 488 1827 decus.
515 1778 583 1827 Cedit
594 1778 689 1841 inguine
696 1778 758 1826 fossc

115 1842 246 1901 Teutaluse
263 1851 286 1892 et
296 1852 360 1892 resto
370 1846 474 1907 quatitur
483 1846 528 1891 sub
537 1843 637 1907 pondere
647 1842 723 1891 tellus.

116 1907 243 1955 Occumbit
253 1910 369 1967 Sarmens,
380 1909 464 1955 flerem
476 1908 518 1972 qui
528 1922 613 1971 ponere
622 1907 694 1955 victor
741 1908 790 1955 200

117 1972 241 2020 cesariem
251 1972 383 2037 crinemque
394 1973 444 2031 tibi,
457 1973 567 2030 Gradive,
576 1972 683 2029 revehet,

114 2037 184 2085 Auro
195 2044 328 2095 certantem,
339 2046 361 2084 et
371 2037 468 2085 rutilum
479 2038 523 2084 sub
530 2037 613 2085 sertim
622 2036 718 2083 nodum.

116 2101 164 2149 Sed
175 2101 254 2149 Parce
264 2100 362 2161 intonsi,
374 2117 421 2149 non
433 2100 543 2149 exaudite
552 2107 681 2159 voventem,

115 2165 158 2213 Ad
170 2166 254 2213 Msnes
265 2163 355 2214 tranire
365 2166 444 2214 comi:
462 2164 608 2229 percandida
616 2165 722 2212 membre

115 2230 141 2277 It
151 2230 245 2277 fumeus
256 2246 336 2287 cruore
354 2240 377 2277 et
386 2232 454 2279 tellus
464 2229 557 2293 perium
565 2227 671 2276 rubescit.
742 2230 791 2277 205

116 2294 161 2353 At,
173 2308 220 2341 nou
231 2296 334 2342 tardatus
343 2295 420 2355 jucsdo
430 2303 569 2347 occurrente,
580 2293 702 2356 ligeunus

116 2358 198 2416 Inruit,
210 2358 378 2422 adversumque
388 2359 437 2409 uiro
448 2366 509 2407 rotat
518 2359 599 2406 obvius
609 2372 687 2405 ensem
696 2377 704 2416 ;

116 2422 152 2469 Et
160 2422 212 2470 ferit
222 2422 352 2487 insurgens
364 2424 460 2471 humero
470 2422 519 2486 qud
528 2421 622 2470 brachis
631 2422 688 2470 lecti

116 2488 254 2539 Annectuet
263 2488 343 2547 nervi3
359 2488 480 2553 decisaque
490 2488 584 2535 vulnere
593 2487 652 2535 leve
689 2521 695 2525 -

119 2551 214 2601 Laxatis
224 2554 322 2616 paulum
332 2552 472 2601 moribunde
482 2551 589 2615 pependit
599 2551 708 2601 habenis:
742 2552 791 2598 210

611 2630 629 2661 u
645 2619 661 2661 3
