1875 2917
141 86 188 136 roo
264 83 377 136 simus
393 81 568 138 tremens
586 79 618 134 x.
635 81 691 131 cor.

142 214 688 284 Nudsteetelypeosinbenrrefigitecaptos
778 210 835 260 oor

143 281 276 343 Satpatrise
286 281 761 348 sumuuenumerosiadproeliauostro
829 320 834 324 -

142 345 187 392 Nu
196 346 282 395 minuit
290 363 367 412 pavor.
402 351 432 398 In
442 349 529 413 patulis
539 349 580 397 ills
590 345 683 396 horrida
692 345 791 406 campis

143 409 180 457 Sit
190 413 314 460 manenda
323 413 389 462 lueet
405 429 485 462 muros
495 414 559 462 haud
569 411 662 476 fregerit
672 423 796 472 unquam,

143 473 269 524 Exsultare
278 477 336 524 levis
345 479 432 527 nudato
442 495 545 542 corpore,
557 479 586 526 M
588 475 682 524 aurus.”
777 473 836 522 605

176 538 244 587 Dum
254 541 341 590 Fabius
350 543 427 607 lapsas
438 543 500 591 acuit
511 541 634 591 formidine
643 545 743 598 mentes,

142 603 273 653 Varronem
283 605 406 656 advertere
416 623 488 671 vagus
499 623 540 672 per
550 606 635 654 moenia
645 617 727 651 rumor

144 668 246 732 Spargit,
257 679 281 718 et
291 671 381 720 ocarilto
393 672 513 734 perfundit
523 678 616 736 pectore
626 677 699 717 motu.

144 733 219 781 Haud
229 751 303 794 secus,
314 751 341 784 ac
350 736 428 785 fracte
439 746 512 785 rector
522 737 542 784 si
552 736 611 784 forte
621 733 703 782 carine

144 797 263 848 Litoribus
274 801 335 848 solus
346 802 423 849 vacuis
433 817 462 849 ex
473 816 565 865 aequore
575 815 651 863 sospes
776 795 834 844 610

143 863 257 923 Annatet,
268 865 349 913 incerti
359 866 482 929 trepident,
493 865 617 930 tendantne
628 869 743 926 negentur

144 927 238 975 Jaotato
248 929 355 988 dextras3
371 930 493 993 ipsamque
503 929 572 977 odere
581 929 680 976 salutem

145 991 224 1040 Unius
234 993 318 1042 amissi
328 995 456 1057 superantis
466 1010 546 1058 puppe
555 992 667 1056 magistri.

146 1053 226 1114 Quam
237 1067 321 1107 restare
330 1059 379 1107 viro
389 1059 476 1119 labem,
487 1059 529 1123 qui
539 1057 645 1106 accedere
654 1055 727 1121 portis

145 1120 249 1182 Audeat,
259 1138 286 1170 ac
296 1123 374 1171 dirum
384 1124 461 1171 veniat
470 1122 627 1186 pavitantibus
637 1136 706 1169 omen
715 1119 722 1166 l
771 1119 826 1166 olo

180 1185 231 1234 Hos
242 1187 346 1236 mulcens
356 1198 451 1252 questus
460 1188 556 1248 Fabius,
568 1186 669 1234 deleme
679 1184 779 1232 dooebat
822 1193 825 1198 ·

146 1249 258 1300 Cladibus
268 1251 352 1310 irasci;
369 1253 513 1317 uulgumque
523 1253 614 1300 arcebat
624 1253 654 1299 ab
664 1249 706 1298 iri.

148 1317 166 1344 “
176 1315 288 1364 Adversis
298 1318 383 1366 etenim
393 1318 470 1380 frangi
481 1332 528 1365 non
539 1331 587 1364 esse
598 1314 709 1373 virorum,

148 1379 198 1438 Qui
209 1381 312 1428 Martem
322 1382 447 1430 inscribunt
456 1382 529 1446 genti,
540 1394 587 1428 non
598 1394 665 1442 posse
675 1377 767 1427 dolores

148 1444 262 1504 Condere,
274 1453 297 1492 et
307 1462 337 1494 ex
346 1447 415 1510 poeni
425 1446 506 1495 solatia
517 1461 608 1509 poscere
617 1445 702 1492 luctus.
778 1441 831 1492 62⁰

148 1509 175 1556 Si
185 1524 238 1557 vero
248 1525 278 1557 ex
294 1513 385 1560 robrare
395 1511 481 1570 sinant,
493 1510 537 1559 sibi
547 1509 634 1558 tristius
644 1509 712 1556 illum

148 1573 260 1622 Illuxisse
285 1574 292 1588 '
352 1590 399 1640 quo
409 1577 488 1624 castris
499 1574 581 1623 viderit
591 1574 624 1622 ire

148 1639 287 1700 Varronem,
301 1656 373 1703 quern
383 1657 430 1704 quo
441 1639 517 1688 videat
527 1655 629 1687 remeare
639 1638 688 1687 sine
698 1635 796 1686 armis·”

148 1703 195 1752 His
205 1703 272 1752 dictis
282 1705 361 1754 sedere
370 1705 449 1763 mine,
461 1713 485 1752 et
495 1719 602 1753 conversa
612 1711 706 1767 repente

149 1769 260 1817 Pectoraz
277 1769 393 1818 nunciati
402 1769 509 1826 miseretr
526 1782 590 1816 nunc
600 1767 685 1831 gaudia
696 1767 770 1815 Poeno

148 1832 289 1882 Consulibus
298 1843 408 1896 reputant
417 1833 481 1882 cesis
492 1841 569 1896 erepta
577 1831 675 1880 duobus
776 1831 827 1879 626

148 1897 213 1960 Ergo
224 1912 293 1946 omne
302 1898 401 1946 effundit
410 1899 481 1962 longo
489 1899 539 1958 jam
550 1913 574 1945 se
584 1897 677 1960 agmine
687 1896 772 1960 vulgus
821 1933 826 1940 .

149 1963 305 2021 (intantum
315 1963 448 2026 magnique
458 1971 536 2011 actum
548 1978 572 2010 se
583 1961 672 2010 credere
683 1969 762 2010 mente

150 2026 284 2084 Testantur‚
295 2027 366 2092 quod,
378 2028 434 2076 fisus
443 2027 493 2076 avis
503 2025 643 2100 sceptrisque
653 2025 766 2090 superbis,

149 2093 167 2120 “
178 2091 402 2140 Laomedontiadum
413 2107 459 2140 non
470 2091 623 2154 desperarent
634 2091 711 2139 urbi.”
777 2089 827 2138 83⁰

183 2155 234 2202 Nec
244 2155 322 2204 minus
333 2156 415 2203 infelix
425 2156 509 2218 culpas,
520 2155 648 2218 grandique
657 2154 746 2219 pudore

151 2219 278 2277 Turbatus,
288 2219 377 2267 Consul
387 2219 526 2269 titubantem
537 2219 568 2282 ad
577 2218 663 2266 moenia
673 2233 778 2282 gressum

151 2282 262 2329 Portabat
270 2283 414 2346 lacrymans:
431 2283 546 2344 dejectum
557 2282 662 2332 attollere
672 2284 774 2340 mltum,

151 2343 191 2391 Ac
200 2344 299 2404 patriam
310 2346 434 2409 adspicere,
446 2354 469 2394 et
479 2347 555 2395 luctus
565 2362 683 2406 renovare,
694 2347 795 2410 pigebat.

151 2405 223 2463 Quod
233 2420 286 2456 vero
296 2409 374 2456 reduci
384 2421 436 2458 trum
445 2427 470 2458 se
510 2411 627 2475 polusque
638 2411 766 2475 Petresque
780 2410 831 2459 635

151 2467 277 2526 offerrent,
287 2486 335 2518 non
387 2474 439 2532 tari,
497 2489 589 2538 poscere
596 2482 663 2522 natos

151 2530 258 2604 Quisque
268 2544 330 2592 ⁸¹1oe,
435 2553 466 2586 ue
476 2538 555 2598 simul,
567 2538 702 2602 misereque
712 2546 819 2604 parentes

151 2593 191 2641 Ire
201 2593 337 2644 ndebmuu
346 2598 467 2650 lacararsda
477 2602 506 2650 ad
518 2601 626 2652 Consulis
636 2603 684 2652 ora.
