1875 2917
150 109 200 165 174
275 107 386 160 srnws
403 104 576 160 rrnnlcns.
593 107 640 157 IX.
655 109 718 158 400..

144 238 228 302 Scipio·
252 238 304 287 Nes
314 240 414 288 Poenum
425 243 580 304 (quamquem
590 247 625 288 est
635 245 727 302 ereptus
737 237 833 302 op'irnae

146 303 222 351 ostis
232 303 322 362 honor)
332 305 433 353 mutisse
443 304 507 368 piget
517 306 605 366 majore
615 305 660 352 sub
669 304 736 351 hoste
776 305 827 352 4³1

145 367 238 427 Proelis,
250 375 273 415 et
283 369 356 432 erepti
366 369 450 417 Ticino
459 369 489 416 ad
500 369 598 416 flumine
607 368 679 432 patris

144 431 254 494 Exigere,
265 433 343 480 oblato
354 434 447 481 tandem
457 433 590 492 certamine,
602 448 687 495 poenas.

145 497 243 545 Stabunt
253 497 329 545 educti
339 498 433 546 dirersis
443 498 505 546 orbis
515 497 539 544 in
551 498 604 556 oris,

143 561 250 619 Quantos
259 576 306 609 non
317 563 363 610 ulio
372 562 430 610 vidit
440 576 574 610 concurrere
584 563 653 610 tellus
773 563 824 610 435

142 624 230 683 Morte,
242 625 293 683 riri,
305 626 433 690 dextrisque
442 641 522 688 pures3
540 626 579 674 sed
590 635 671 674 cetero
680 625 764 690 ductor

142 690 255 738 Anteibot
266 691 356 749 botius,
367 691 449 739 melior
457 691 542 754 pietate
552 691 649 754 fideque.

176 753 299 802 Desiluere
305 756 362 804 ceri
372 755 458 803 mrbsti
468 755 499 802 ad
510 755 590 818 proelis
600 757 670 814 nube,

143 817 239 868 Mavors
250 820 363 883 Scipiodn
372 830 485 878 metuens,
498 819 605 867 Tritonia
616 821 704 876 Poeno;

141 883 301 947 Adventuque
310 882 398 942 Deum,
408 883 529 947 intrepidis
539 883 681 942 ductoribus,
692 886 770 933 ambae

142 947 307 996 Contremuere
317 949 383 996 scies.
415 949 484 1006 Ater,
496 948 544 1012 qui
554 957 645 1011 pectora
655 949 726 997 flectit
768 951 817 997 ⁴41

142 1012 230 1072 Pullos,
243 1013 365 1075 Gorgoneo
374 1014 421 1060 lete
430 1013 501 1060 micet
510 1011 571 1075 ignis
581 1015 611 1060 ab
622 1029 674 1070 orer

142 1075 261 1140 Sibilaque
270 1075 381 1125 horrificis
390 1086 482 1140 torquet
493 1077 634 1140 serpentibus
645 1078 707 1140 egis.

141 1140 244 1203 Fulgent
253 1142 372 1204 sanguinei
383 1141 514 1205 (geminum
526 1142 614 1189 ribrsre
624 1151 727 1190 cometen

141 1205 176 1253 Ut
186 1204 276 1267 aedes)
288 1205 364 1254 oculi:
382 1206 520 1270 summisque
530 1206 554 1253 in
565 1206 651 1254 casside
660 1207 741 1270 largus
766 1209 817 1255 445

141 1269 262 1319 Undsntes
272 1271 344 1319 volvit
353 1273 459 1318 flemmtu
468 1271 499 1318 od
510 1270 584 1319 sidere
594 1279 680 1319 vertex.

140 1331 177 1380 At
187 1334 289 1394 Mavors,
301 1345 365 1383 moto
375 1338 512 1399 proturbans
521 1336 575 1383 εὸτι
585 1336 639 1395 telo,

139 1397 174 1444 Et
183 1399 264 1462 clypeo
273 1415 382 1464 campum
393 1400 521 1458 involvens,
533 1401 627 1448 AEtnaes
638 1399 770 1464 Cyclopum

140 1460 241 1511 Munere
251 1463 387 1511 fundentem
397 1464 491 1512 loricam
501 1464 607 1514 incendis
617 1474 699 1528 gestet,

138 1525 178 1574 Ac
187 1527 263 1590 puiset
273 1527 336 1576 fulvi
347 1543 484 1591 consurgens
495 1529 579 1577 aethers
589 1530 663 1577 nisti.
763 1531 814 1578 450

171 1589 292 1652 Ductores,
304 1608 389 1657 pugne
398 1593 489 1652 intenti,
501 1603 661 1658 quantumque
671 1593 772 1642 vieissun

138 1655 233 1705 Audere
243 1667 285 1717 est,
297 1658 392 1721 propius
402 1658 484 1717 mensi,
496 1667 573 1706 tumen
584 1673 649 1706 arms
659 1659 758 1707 ferentes

138 1719 234 1769 sensere
244 1722 361 1771 edvmisse
372 1723 450 1778 Deos;
467 1731 497 1782 et,
509 1723 576 1770 loetus
585 1732 682 1787 uterque
719 1726 722 1732 '

137 1784 240 1847 Spectari
251 1787 353 1850 Superis,
364 1787 480 1835 addebant
490 1788 606 1836 mentibus
615 1788 668 1836 irus.

169 1849 273 1914 Jamque
281 1853 330 1899 ictu
341 1851 417 1899 valido
427 1852 534 1900 libratum
545 1869 560 1900 s
570 1861 660 1916 pectore
669 1853 735 1901 Poeni
762 1855 814 1902 tto

139 1912 217 1962 Pelias
227 1915 252 1963 in
262 1916 384 1979 obliquum
396 1916 478 1964 dextris
488 1916 613 1964 detorserat
622 1917 728 1966 homme

138 1975 172 2025 Et
182 1979 308 2040 Gradivus,
319 1995 387 2044 opem
399 1980 468 2029 orvs
478 1988 569 2044 portore
579 1981 660 2030 ferocis

137 2039 255 2107 Exemplo
265 2045 354 2103 doctus,
365 2047 476 2108 porgebat
485 2045 590 2109 protinus
601 2061 678 2094 ensem

137 2106 258 2157 AEtnaeum
269 2110 293 2157 in
304 2125 395 2172 pugnos
402 2110 493 2172 juveni,
505 2125 531 2158 oc
541 2112 629 2172 majore
636 2113 742 2173 jubebat.

137 2170 202 2219 Tum
213 2173 284 2236 virgo,
295 2174 413 2237 ignescere
422 2175 522 2238 penitus,
534 2175 633 2222 violento
644 2186 737 2240 repente
760 2178 811 2228 400

136 2235 239 2285 Suffirdit
248 2239 348 2287 flammis
358 2255 406 2298 ors,
417 2248 495 2303 etque,
507 2239 601 2304 obliqua
611 2250 745 2304 retorquens

136 2299 247 2361 Lumine,
258 2306 351 2352 turbato
361 2305 476 2366 supererit
486 2304 596 2368 Gorgone
604 2306 679 2352 vultu.

134 2362 236 2412 erexere
246 2381 325 2414 omnes
335 2369 448 2416 immanis
458 2369 563 2416 membre
573 2369 684 2432 chelydri,

135 2426 221 2488 AEgide
230 2432 354 2489 commoti,
365 2432 482 2495 primique
491 2432 575 2480 furans
585 2432 615 2481 sd
626 2433 685 2482 ictus

134 2488 235 2538 Rettulit
244 2492 294 2555 ipse
303 2495 386 2556 pedem
397 2497 481 2544 sensim
491 2512 506 2544 s
516 2497 639 2544 certamine
650 2497 755 2548 Mavors.

134 2550 183 2600 Hic
193 2553 245 2602 Deo
255 2559 389 2606 morulam
398 2560 480 2624 rapido
490 2561 611 2610 consmiue
620 2571 712 2625 partem
760 2564 811 2612 460
