1875 2917
161 78 207 128 lou
286 78 398 128 simus
414 77 588 136 mulctis.
604 78 637 128 X.
653 77 694 126 26.

158 208 230 256 Nunc
240 207 349 270 trepidos,
360 222 387 255 ac
396 216 461 270 terga
470 207 535 255 mald
544 206 667 254 formidine
677 218 767 264 versos,
810 203 845 250 26

158 272 300 335 Asacquitur
309 272 368 332 telis,
396 272 491 331 Furere,
503 287 530 318 ac
541 271 648 320 decorare
656 271 759 328 laboras,

159 337 193 385 Et
202 337 281 384 saevire
288 338 369 398 juvata
386 335 447 384 cadit
456 336 547 398 ingens,
558 335 659 384 nominis
670 349 765 396 expers,

159 400 208 448 Uni
218 401 359 449 turbavirot
376 411 454 464 atque,
466 400 554 448 alterni
565 398 751 448 deturinarmis

159 466 247 513 Paulus
258 465 391 524 Dardaniis,
402 465 510 512 amittant
520 465 615 512 nomina
626 464 723 513 Canna.
805 463 843 510 ³0

190 529 297 577 Tandem
307 529 417 577 inclinato
426 544 506 587 comu,
518 528 567 576 cine
577 543 642 576 mora
652 529 733 576 ruebat

159 592 240 641 Prima
250 593 317 651 acies,
327 608 374 641 non
384 609 454 657 perca
463 593 534 656 fuga.
560 593 679 641 Labienus
689 602 713 639 et
723 591 797 640 Ocris

159 659 297 706 Sternuntur
306 658 352 706 leto
362 667 431 722 atqroe
442 656 534 720 Opiter,
546 673 604 720 quos
615 657 678 706 Setia
687 656 747 704 colle

159 721 266 781 vitifero,
277 723 342 770 celsis
352 722 483 770 labienum
495 721 597 784 Cingula
607 737 664 770 saxa

159 786 276 834 Misemnt
286 787 366 853 muris.
392 787 480 834 Juuxit
490 786 539 834 iera
549 795 652 849 tempora
662 785 703 832 leti
804 787 841 834 35

159 851 267 899 Sidonius
277 866 324 899 non
333 850 447 899 consimili
457 850 589 898 discrimine
599 850 681 897 miles:

160 915 224 972 Nam
235 915 353 962 labienus
363 916 413 963 obit
422 923 555 978 penetrante
565 931 607 979 per
616 914 657 961 ilia
667 928 753 970 como;

160 979 261 1037 Fratres,
270 978 308 1027 hic
317 979 423 1034 humero,
435 978 543 1037 cecidere,
555 979 593 1027 hic
603 979 700 1042 poplite,
712 979 787 1026 casis.

159 1043 258 1107 Oppetis
268 1052 292 1091 et
302 1043 375 1118 Tyrio
385 1059 453 1107 super
463 1043 560 1106 inguina
571 1043 617 1090 fixe
629 1051 709 1091 veruto

159 1107 285 1165 Macenas,
297 1123 335 1155 cur
346 1107 450 1155 Maoniia
460 1107 589 1155 venerabile
600 1106 668 1166 terri,
804 1109 840 1156 to

159 1173 193 1221 Et
203 1171 295 1235 sceptris
305 1172 362 1220 olim
372 1172 511 1220 celebratum
523 1187 606 1220 nomen
616 1171 728 1222 Etruscis.

159 1236 205 1284 Per
215 1236 303 1284 medios
345 1236 399 1295 tur,
409 1237 511 1301 projecto
521 1235 579 1284 lucis
590 1251 674 1295 amore,

160 1301 318 1349 Hannibalem
338 1309 436 1359 ustrana,
448 1301 545 1348 Paulus.
569 1302 624 1349 Sors
634 1315 682 1348 una
693 1300 786 1350 videtur

159 1364 258 1430 Aspera,
269 1365 289 1413 ai
299 1367 420 1413 occumbat
427 1365 521 1413 ductore
532 1365 652 1429 superstite
663 1366 744 1413 Poeno.

191 1429 271 1490 Quam
288 1440 393 1478 metuens
410 1429 497 1478 molem
515 1431 602 1494 (noque
619 1430 689 1490 enim,
708 1432 841 1482 certamine

254 1502 340 1552 mmto,
802 1501 838 1545 45

159 1557 295 1621 Tempestas
305 1566 370 1606 tanta
379 1567 402 1607 et
411 1558 486 1607 rabies
496 1558 592 1622 impune
602 1557 710 1620 luissent)

157 1623 188 1670 In
198 1623 281 1670 faciem
291 1622 369 1685 pavidi
375 1623 394 1670 J
395 1639 442 1671 uno
452 1638 559 1672 conversa
568 1623 668 1681 Metelli,

159 1687 251 1743 “Quid
261 1688 359 1747 vanos,”
368 1687 453 1751 inquit,
465 1687 559 1736 “Latio
569 1703 621 1751 spes
631 1689 700 1736 unica
710 1687 813 1751 Consul,

158 1753 324 1816 incassumque
334 1766 421 1812 moves,
433 1752 481 1800 fato
492 1761 608 1812 renuente,
620 1753 726 1801 furores?

158 1817 185 1864 Si
195 1825 297 1879 superest
308 1817 404 1875 Paulus,
415 1826 502 1865 restant
515 1817 598 1864 AEneia
607 1832 691 1880 regna:
760 1868 763 1876 ,
802 1821 838 1869 50

158 1881 200 1928 Sin
211 1895 285 1939 secus,
296 1880 427 1928 Ausoniam
437 1890 515 1930 tecum
525 1881 605 1929 trahis.
631 1881 669 1930 Ire
679 1891 816 1933 tumentem

160 1945 200 2000 Τιι
210 1953 289 1994 wntra
296 1947 416 2007 juvenem,
428 1954 451 1993 et
461 1954 531 2009 caput
541 1946 585 1994 hoc
595 1945 710 1994 abscidere
721 1949 792 1996 rebus

159 2010 279 2069 Terbetia,
291 2025 306 2057 o
317 2009 399 2069 Paule,
409 2013 496 2074 paras?
513 2011 584 2058 Nunc
595 2010 716 2060 Hannibal
726 2011 772 2074 ipsi

159 2075 239 2139 (Tam
250 2075 317 2124 latus
328 2074 389 2122 bello
399 2073 448 2136 est)
459 2075 520 2123 ausit
531 2083 615 2123 certare
626 2074 736 2123 Tonanti.

157 2139 192 2186 Et
199 2139 258 2199 jam,
270 2138 382 2186 conversis
395 2139 454 2202 (vidi
463 2154 519 2186 nam
530 2137 629 2200 flectere)
641 2139 747 2199 habenis,
799 2145 835 2194 55

157 2201 240 2250 Evasit
250 2202 335 2260 Varro,
346 2217 374 2249 ac
384 2217 433 2251 sese
443 2204 473 2250 ad
482 2202 580 2251 'meliora
589 2213 695 2252 mutat

158 2263 194 2311 Sit
204 2265 305 2327 spatium
316 2266 381 2314 fatiat
401 2275 433 2324 et,
445 2268 503 2315 dum
514 2266 591 2327 datur,
603 2267 665 2330 eripe
675 2268 721 2316 leto

157 2327 315 2377 Hancnostris
320 2331 432 2389 maiorem
438 2331 555 2378 animatus
567 2347 624 2379 mox
631 2331 692 2380 bella
699 2338 838 2397 capassoe.’'

188 2389 231 2436 Ad
238 2407 291 2454 quae
301 2393 417 2444 suscitans
426 2393 517 2456 ductor,
533 2397 552 2423 “
560 2395 692 2444 Mortamne
703 2399 747 2444 sub
757 2403 837 2450 armis

157 2451 206 2498 Gur
215 2467 316 2514 poscam,
327 2471 397 2505 causa
406 2458 450 2506 ista
459 2474 542 2522 parum
553 2468 595 2520 eat,
607 2459 671 2523 quod
681 2461 736 2508 talia
744 2473 837 2513 nosne

154 2514 304 2564 Pertulerunt
311 2534 377 2568 aures
383 2521 518 2571 madentem
526 2531 629 2571 monstra
634 2523 781 2574 Metellum?
800 2530 834 2578 61

154 2575 299 2636 noemam
315 2581 340 2630 il
357 2585 524 2650 carpeiugam.
551 2586 764 2638 Nonhoaticatela
