1875 2917
131 79 191 164 'rao
271 111 384 164 murus
401 110 576 165 ursarum
590 113 625 165 x.
641 114 700 163 ιιι.

142 243 202 304 sut,
214 242 254 292 teli
263 243 361 307 petiam,
377 242 455 292 medii
465 242 632 294 tremebundus
642 242 720 305 areni,

142 309 189 367 Ac,
200 317 310 356 manante
318 308 382 370 jubis
391 307 498 372 rictuque
508 317 531 356 et
541 310 635 358 naribus
644 309 709 357 undu
773 311 827 359 245

141 373 274 435 Sanguinis,
285 373 402 421 interdum
412 374 547 435 languentia
557 389 678 422 murmura
688 381 813 438 torquens,

141 437 249 485 Effundit
259 439 340 500 patulo
350 446 498 500 spumantem
509 453 538 486 ex
549 455 587 487 ore
598 454 710 487 cruorem·

174 502 239 549 Tum
250 517 304 550 vero
314 503 453 549 incumbunt
464 503 551 566 Libyes
563 519 645 567 super:
663 503 712 567 ipse
722 505 795 554 citato

139 564 230 615 Ductor
240 582 308 630 equo,
319 567 368 630 qui
378 567 447 614 flatus
457 568 513 630 agit,
526 567 574 632 qud
613 568 675 617 rrius
686 568 757 630 ensis,

139 631 196 690 Qut
207 631 305 694 sonipes,
316 631 365 694 qui
374 631 485 694 belligero
495 632 543 680 fera
601 649 631 680 ua
641 632 717 682 dente.
768 635 822 683 250

139 695 246 744 Obrutus
256 695 296 743 hic
305 695 365 753 telis,
377 696 432 743 ferri
441 712 483 760 per
493 711 587 760 eorpora
598 698 653 746 Piso

138 761 261 808 Rectorem
272 769 299 808 ut
310 760 368 808 vidit
377 760 468 823 lrsnyoe,
480 763 586 810 munitus
596 763 622 809 in
631 761 723 810 hastam

140 826 186 874 llia
197 825 324 888 oomipedis
334 825 440 873 subrectis
451 825 547 890 cuspide
556 823 648 886 transit,

135 889 290 953 (loliapsoque
299 905 369 953 super
378 889 536 954 nequidquam
546 890 679 940 incumbere
690 901 789 956 reptat:

136 954 199 1002 Cum
211 955 304 1012 Poenus,
315 970 411 1018 propere
421 955 517 1002 oollacto
527 969 627 1019 corpora,
639 972 785 1021 quamquam

137 1018 243 1067 cernuus
253 1019 339 1067 inflexo
349 1019 439 1082 sonipes
449 1019 562 1068 eii'uderut
571 1035 651 1078 arrnor
762 1024 815 1071 256

135 1085 153 1113 “
161 1085 287 1131 Umbraene
296 1083 409 1131 Ausoniae
419 1083 521 1133 rediviva
531 1084 555 1131 in
566 1086 628 1133 bella
638 1095 763 1136 retractant

136 1148 194 1195 Post
200 1148 291 1196 obitum
299 1148 410 1196 dextras?
421 1149 496 1196 necin
506 1149 558 1212 ipsi
565 1158 639 1198 morte
649 1151 814 1215 quieseuntl”

134 1212 173 1261 Sic
183 1214 223 1271 ait,
235 1222 305 1277 atque
315 1228 403 1275 ugrum
414 1213 523 1276 ooepmnti
530 1213 634 1263 attollere
644 1231 735 1280 eorpus,

133 1277 232 1326 Arduus
242 1277 370 1341 insurgens,
380 1285 456 1325 totum
463 1278 598 1342 permiscuit
608 1293 694 1328 ensem.
760 1281 813 1332 260

166 1342 236 1400 Eece,
248 1341 359 1405 Cydonei
369 1342 468 1390 violatm
479 1342 591 1392 arundine
600 1343 714 1406 plantam,

132 1405 249 1454 Lentulus
259 1405 337 1454 effiuis
346 1421 456 1470 eampum
466 1406 587 1471 linquebat
596 1407 709 1469 habenis3

132 1471 195 1519 Cum
206 1470 303 1519 videtin
314 1472 408 1533 empulo
418 1479 533 1519 rorantem
544 1487 600 1520 saxa
610 1489 697 1534 cruore,

132 1535 257 1600 Torvoque
267 1537 349 1582 obtutu
360 1535 477 1584 labentem
489 1536 514 1583 in
526 1537 632 1598 Tartara,
645 1539 757 1588 Paulum.

132 1599 203 1648 Mens
214 1599 285 1656 abiit3
303 1599 433 1664 puduitque
443 1600 513 1664 fugae.
541 1599 606 1649 Tum
618 1603 667 1650 visa
677 1604 775 1653 aremari

131 1665 210 1712 Roma
219 1664 276 1723 viro,
288 1672 344 1712 tunc
354 1664 384 1712 ud
394 1672 471 1728 portua
480 1666 531 1727 jam
542 1673 601 1714 stare
612 1676 720 1717 eruentus
756 1669 809 1718 266

131 1728 266 1786 Hannibal3
284 1737 307 1776 et
317 1737 392 1777 totum
400 1737 456 1777 tuuc
465 1729 570 1792 primum
581 1739 635 1779 ante
644 1747 685 1780 ora
694 1732 762 1781 firire

61 1807 67 1822 ¹
130 1793 252 1841 Sorbentes
260 1793 357 1841 latium
366 1793 449 1856 campi.
457 1819 489 1829 -
496 1796 513 1822 “
520 1793 586 1852 Quid
597 1795 680 1845 deinde
687 1796 805 1860 relicum,

128 1857 236 1905 Crastina
246 1872 287 1905 cur
296 1857 381 1932 Tyrios
387 1859 431 1905 lux
442 1872 489 1905 nou
500 1858 598 1908 deducet
608 1860 638 1908 ad
647 1861 746 1923 Urbem,

128 1919 223 1970 Deseris
233 1921 258 1968 in
269 1929 338 1970 tanna
348 1923 446 1985 puppim
457 1921 486 1980 ai,
498 1922 580 1983 Paule,
592 1925 716 1988 propellis?
754 1929 806 1984 27⁰

128 1985 212 2034 Testor
221 1985 366 2045 Coelioolaa,’'
377 1986 462 2050 iuquit,
481 1989 499 2016 “
505 1986 531 2034 ni
542 1987 628 2036 damna
637 1991 754 2052 gubernas

127 2050 235 2105 Cnrdelia
244 2049 308 2111 belli,
319 2051 423 2115 vivisque
433 2051 457 2097 in
468 2051 561 2101 turbine
570 2060 636 2101 tanto

127 2115 228 2171 Invitus,
265 2131 300 2174 us,
313 2115 395 2174 Paule,
410 2114 489 2179 (dolor
498 2119 568 2164 verba
668 2117 752 2180 dietat)

125 2177 184 2225 Plus
205 2179 312 2228 Varrone
332 2194 408 2228 nooea.
436 2179 501 2243 Cape
519 2181 609 2244 (quseeo
640 2181 710 2244 huuc,
733 2185 805 2235 unioe

223 2257 301 2290 renim

126 2303 258 2363 Persarum,
270 2321 327 2368 sape
337 2307 498 2371 eornipederne
515 2307 649 2372 languentia
659 2312 766 2360 mnbra

126 2365 181 2428 Ipse
190 2367 272 2414 levabo
282 2370 393 2430 humeris,
405 2380 428 2419 et
438 2370 506 2431 dorso
515 2379 567 2420 tuta
576 2372 686 2422 looubo.''
750 2375 802 2432 276

159 2427 218 2476 Hae
227 2429 295 2489 inter,
306 2434 380 2481 lacero
390 2444 525 2484 manantem
535 2452 565 2484 ex
575 2452 614 2486 ore
624 2453 729 2488 eruorem

124 2490 243 2549 Ejeetans,
254 2493 351 2554 Consul,
366 2500 383 2526 “
391 2499 480 2560 Macte,
491 2516 514 2560 o,
525 2501 610 2549 virtute
620 2503 731 2566 paterni!

125 2551 177 2600 Neu
186 2568 241 2601 vero
250 2570 303 2622 qus
313 2569 426 2624 linguatu,
434 2579 490 2612 cum
500 2563 557 2614 talia
567 2573 652 2616 tutent
