1875 2917
157 85 206 135 sot
270 85 390 137 'smws
407 84 580 135 ITALIGUS.
596 84 645 134 XI.
664 85 719 134 134.

158 213 498 265 EtPoenosintsetsroomtr
516 214 693 278 ingentisfsets

909 3 917 50 'i

159 278 249 328 sidonii
256 281 348 342 juvenis
358 281 482 337 eelebrent,
493 287 521 328 ut
531 280 619 343 ruperit
629 279 713 342 Alpes,
798 281 847 328 135
918 289 919 292 ’

159 343 269 392 Hermlei
278 346 352 394 socius
361 344 458 403 dosoris,
469 344 584 407 Divisque
595 344 741 408 propinques

160 406 287 456 Tmnsierit
297 425 365 458 cursu
376 424 459 470 rupes:
478 419 505 457 ut
515 408 577 456 caede
587 409 676 456 referta*

159 471 274 521 clauserit
283 475 381 522 Eridani
391 475 463 521 vietor
474 472 547 521 voda:
565 473 638 520 vietor
648 483 675 521 ut
686 473 753 520 idem

159 536 236 599 Lydis
247 538 354 586 Romano
365 537 464 586 turberis
474 550 556 599 stagna
566 552 662 586 cruores

159 600 194 648 Ut
205 601 297 651 Trebio
306 602 368 666 ripas
378 615 463 650 aterno
473 602 568 650 nomine
577 602 647 650 fsmae
793 603 845 651 140

159 664 300 727 'l'rsdiderit
311 668 460 730 Paulumque
469 665 533 714 idem
540 667 601 713 inter
611 665 700 728 prolis,
711 675 736 714 et
746 666 815 716 idem

159 729 311 791 Flaminium,
323 747 426 794 proceres
436 745 522 788 rerum,
534 730 651 778 demiserit
660 731 761 779 umbris.

162 794 209 842 His
220 811 297 860 super,
309 796 409 844 excisam
419 795 515 859 primori
526 795 606 843 Marte
617 797 762 858 Saguntum,

161 858 195 906 Et
203 861 261 923 jugo
272 861 381 924 Pyrenes,
393 870 417 908 et
427 861 533 918 Iberum,
545 871 568 908 et
578 875 642 908 soors
652 861 765 924 parentis,

160 924 320 990 Jurotumque
330 926 379 973 viro
388 924 479 972 bellurn
489 924 617 988 puerilibus
628 924 703 984 annis,
793 926 845 973 145

160 988 325 1038 Aooumulmt.
353 990 444 1046 Unum,
455 989 554 1036 ducibus
565 997 598 1036 tot
611 989 672 1037 coede
684 989 809 1052 peremtis,

162 1051 211 1100 Tot
220 1053 277 1102 fusis
287 1054 344 1111 scie,
355 1063 415 1102 stare
425 1054 486 1102 inter
494 1053 575 1118 proelia
585 1053 657 1102 nullis

160 1118 284 1166 Attsetum
295 1119 353 1167 telis.
378 1120 495 1181 Superum
504 1132 560 1165 eum
570 1133 667 1166 munere
678 1117 747 1166 detur

162 1182 228 1230 Huic
238 1184 322 1232 sociare
332 1184 381 1232 viro
391 1183 484 1231 dextra
494 1191 519 1230 et
527 1182 612 1230 fodere
619 1182 704 1246 jungi;

162 1246 246 1295 Festus
256 1247 379 1312 exsanguis
389 1247 479 1311 populi,
491 1263 625 1310 venumque
635 1259 761 1306 tumorem,
794 1248 845 1297 15⁰

162 1310 284 1360 Nimirum
295 1313 385 1376 Capua,
396 1321 420 1360 et
429 1311 577 1359 dominatum
588 1312 687 1374 perferet
699 1311 781 1372 Urbis,

162 1376 212 1424 Ceu
223 1377 324 1435 famulis,
335 1377 408 1425 fssoes
416 1377 612 1440 aequatoqueJ'urs
621 1376 747 1440 negantis?

163 1439 261 1488 Prorsus
271 1441 334 1488 enim
344 1449 408 1489 tanto
417 1442 529 1505 potiorem
541 1441 634 1488 nomine
644 1440 781 1488 habendum

163 1504 300 1564 Vononem,
313 1515 340 1553 ut
349 1506 424 1568 fugiat
434 1505 514 1554 oonsul
525 1505 650 1568 fulgentior
660 1515 726 1552 ostro

194 1569 263 1617 Tulin
271 1570 383 1631 jactantes
391 1571 440 1632 jem
451 1570 534 1617 lectam
546 1577 606 1617 sorte
615 1572 727 1633 parabant
791 1572 842 1620 1⁵5

161 1633 265 1692 Mittere,
277 1651 330 1698 quae
340 1635 425 1698 Tyrios
435 1634 548 1697 adjungat
557 1634 648 1694 fodere,
658 1635 756 1698 pubem.

163 1697 210 1747 Sed
221 1714 266 1746 non
277 1699 390 1748 invictum
401 1701 502 1763 ponebat
512 1708 602 1762 pectore
613 1701 682 1747 robur

163 1762 229 1810 Tum
240 1764 314 1812 solum
326 1764 414 1813 Decius
425 1763 513 1826 Cupuae
523 1763 600 1812 decus.
625 1764 696 1828 Isque
704 1772 814 1828 receptus

163 1828 195 1875 In
205 1828 294 1876 medios
305 1838 384 1888 ooetus,
396 1832 482 1891 (neque
492 1827 555 1875 enirn
566 1828 657 1876 differre
667 1828 777 1888 debetur)

128 1941 131 1945 ,
162 1895 180 1921 “
192 1893 308 1953 hirmin,
318 1897 336 1923 “
345 1893 413 1952 rives,
421 1891 529 1941 violanda
537 1891 567 1940 sd
573 1894 627 1953 Jurs
634 1895 757 1956 parentium
765 1895 777 1942 ἓ
791 1894 842 1943 160

160 1956 355 2021 Damnatumque
365 1965 436 2021 eaput
446 1957 551 2005 temerati
561 1957 652 2006 foderis
662 1958 707 2006 eris

161 2020 268 2085 Jungitis
277 2022 378 2085 bospitio
388 2026 399 2071 ἓ
416 2022 479 2080 Quoe
489 2030 553 2070 tanea
564 2022 649 2071 oblivio
660 2022 736 2070 resti?

160 2087 280 2148 Magnum
291 2088 372 2151 utique
382 2088 407 2134 in
415 2086 507 2149 mugnis
513 2089 581 2134 rebus
589 2087 728 2151 populisque
734 2087 840 2151 virisque

159 2150 271 2198 Adversis
282 2167 370 2199 seruere
380 2152 457 2198 fldem.
482 2151 507 2198 N
509 2165 554 2198 uns
564 2160 658 2215 tempus
668 2151 727 2199 inire
789 2153 840 2202 164

158 2213 245 2260 Ptolis
254 2230 297 2276 pro
308 2215 419 2272 Rutulis3
438 2229 500 2262 nuno
511 2215 577 2277 signe
587 2217 708 2280 eriemque
717 2231 822 2276 movere,

158 2275 225 2322 Dum
238 2279 333 2340 trepidae
344 2294 387 2337 res,
399 2288 423 2327 et
432 2277 571 2326 medicinam
585 2281 682 2327 vulnero
690 2289 809 2343 poseunt;

159 2338 185 2384 Is
195 2339 260 2387 loeus
271 2341 355 2398 officio,
367 2358 421 2391 eum
432 2351 522 2390 cessant
532 2358 651 2406 prospers,
662 2359 765 2408 eumque

159 2399 227 2448 Dura
237 2403 267 2449 ud
277 2419 346 2466 opem
356 2406 460 2454 Fortuna
470 2414 543 2456 vocat,
567 2408 633 2456 Nom
643 2408 697 2455 laets
707 2407 794 2468 fovere,
832 2423 835 2432 ⁴

159 2463 353 2578 mudqffl'ff
368 2469 448 2533 magni
462 2479 498 2518 est
516 2471 590 2519 animi
603 2470 689 2521 decus:
714 2471 771 2534 huc,
786 2488 843 2538 nge,
