1875 2917
232 71 344 122 srcms
360 72 534 126 maclous
550 72 599 122 XL
618 71 672 130 170.
744 73 792 122 wli

119 198 185 246 Novi
195 199 242 248 Dis
251 201 342 250 animas
351 203 445 263 similes,
457 214 481 252 et
491 210 583 266 pectora
593 200 686 266 mugnis
746 199 793 255 170

119 263 368 390 mmmm
385 269 468 316 malis:
486 266 581 330 capiunt
600 265 677 322 (mihi
699 265 793 324 credite)

62 438 68 450 ,
117 391 154 440 Et
165 393 309 457 Trasymena
319 395 385 456 vada,
398 405 421 444 et
432 395 501 442 Pauli
512 395 660 445 memorabile
670 396 751 442 letum.
818 448 820 454 Ι

119 457 156 504 Hi
163 468 227 517 sunt,
238 459 280 523 qui
290 461 370 508 vestris
380 461 480 508 infixum
489 460 604 508 moenibus
614 459 704 509 hostem

118 521 231 584 Dejeoire
241 540 322 584 manu,
334 535 358 573 et
368 526 474 589 Capuam
485 525 588 586 eripuere
599 540 626 572 su
656 523 703 572 sbis

117 587 253 636 Samnitum
260 588 337 650 jussis.
363 589 398 637 Hi
408 598 470 647 sunt,
481 589 523 652 qui
528 590 582 650 jura
592 541 683 645 delire,
745 587 791 643 175

118 649 219 699 Terrore
229 653 335 716 expulso,
355 654 502 716 Sidicinoque
513 653 574 700 bella
584 655 708 701 remorum.
777 659 780 666 ⁴

118 714 187 775 Quos
198 715 278 778 lugitis
284 718 355 766 socios
363 721 374 766 Ρ
386 733 472 783 quosve
480 717 583 766 addida?
593 717 639 765 Ille
647 732 690 780 ego
697 715 791 780 sanguis

116 779 262 839 Dardanius,
273 781 311 830 cui
321 798 384 830 sacra
394 792 466 847 pater,
478 782 516 830 cui
526 781 621 830 nomina
631 781 701 845 liquit

116 845 161 892 Ab
171 845 232 893 Jove
242 845 311 893 (lucta
321 849 407 910 Capys,
418 861 503 911 magno
513 857 624 910 cognatus
636 845 706 904 lulo;

118 910 166 957 llle
176 925 227 972 ego,
239 911 400 960 semihomines
410 912 469 960 inter
475 912 628 971 Nasamonas,
640 920 663 959 et
673 909 733 958 inter
745 911 792 957 180

120 975 217 1023 Savum
228 984 298 1038 atqua
308 985 438 1039 sequentem
448 976 507 1024 ritus
517 975 660 1024 Garamanta
670 975 780 1034 ferarum,

119 1038 263 1086 Mannarico
272 1054 358 1103 ponam
368 1041 466 1088 tentoria
475 1040 564 1088 mixtus
577 1041 672 1088 alumno
681 1042 693 1088 i

119 1101 293 1166 Ductoremque
303 1104 384 1163 feram,
395 1105 433 1153 cui
443 1119 514 1163 nuuc,
526 1119 568 1168 pro
578 1104 662 1152 fodere
671 1118 759 1167 proque

119 1167 226 1227 lustitia,
237 1179 271 1216 est
282 1169 349 1228 ends,
361 1169 461 1232 solioque
472 1185 485 1216 e
496 1168 607 1231 sanguine
616 1168 715 1216 laudes?

118 1231 176 1280 Non
187 1232 228 1292 ita,
237 1247 283 1279 nou
294 1233 367 1280 Decio
377 1234 518 1296 percrixtum
525 1234 606 1296 fasque
613 1233 731 1296 nefasque,
746 1233 790 1280 iss

119 1295 180 1343 Haec
191 1306 218 1344 ut
228 1297 286 1345 velle
297 1306 372 1360 queat.
396 1298 472 1346 Nullo
481 1311 524 1346 nos
533 1297 612 1345 invida
622 1306 686 1345 tauto

118 1361 230 1409 Armavit
242 1362 333 1409 Natura
344 1363 411 1422 bono,
423 1377 496 1426 quem
504 1364 577 1424 janua
587 1362 667 1410 mortis

118 1425 192 1485 Quod
202 1435 273 1490 patet,
285 1435 308 1473 et
318 1425 366 1474 viti
375 1442 422 1474 non
433 1427 501 1490 oqui
512 1427 574 1474 exire
583 1427 708 1491 potestas.”

152 1491 212 1538 Hac
222 1506 283 1538 vana
292 1507 381 1539 sverm
391 1491 478 1539 Decius
486 1491 581 1554 jactavit
590 1492 621 1538 ad
631 1507 704 1540 aures.

117 1554 167 1601 Ast
177 1555 265 1602 delecta
274 1570 358 1603 manus
365 1557 495 1619 jungebant
505 1555 590 1603 foedera
600 1555 681 1604 Poeno.
743 1556 789 1604 190

117 1618 223 1682 Jamque
233 1619 336 1679 aderam,
347 1621 465 1682 promissa
475 1621 528 1668 duci
538 1621 646 1668 turbante
656 1620 768 1679 tumultu,

118 1683 251 1742 Autololes,
262 1700 386 1733 numerosa
395 1685 482 1732 cohors.
500 1685 564 1748 ·Ipse
574 1684 666 1746 agmine
676 1699 762 1748 magno

119 1748 240 1796 Festinata
249 1749 308 1798 citus
315 1765 357 1812 per
367 1764 460 1813 campos
470 1749 537 1824 signa
548 1750 663 1796 movebat.

118 1813 154 1861 Et
165 1812 259 1872 Decius,
272 1816 289 1841 “
300 1814 373 1862 Nunc
382 1813 447 1875 hora,
456 1813 508 1872 vin,
517 1828 578 1862 nunc
586 1821 693 1876 tempus:
705 1813 790 1873 adeste,

117 1878 187 1926 Dum
198 1877 280 1940 Capiti
290 1877 396 1942 dignum
405 1877 517 1937 (lum,me
528 1878 594 1938 duce,
603 1876 697 1925 dextera
705 1877 791 1926 vindex

117 1942 220 1990 Molitur
230 1941 335 1998 facum
353 1945 488 2006 procumbat
498 1945 595 1992 barbara
605 1943 686 2005 pubes
744 1943 791 1990 196

118 2008 167 2055 Pro
177 2021 202 2054 se
213 2006 312 2070 quisque
321 2007 406 2055 alacres
413 2008 486 2070 rapite
492 2007 536 2056 hoo
546 2007 621 2054 decus
640 2006 722 2056 Hostis
729 2006 792 2054 odire

116 2072 144 2120 Si
154 2082 229 2136 parat,
241 2073 368 2119 obstructas
377 2073 462 2133 replete
473 2072 581 2120 cadavere
591 2079 676 2134 portas,

115 2137 152 2184 Et
161 2136 221 2183 ferro
232 2145 328 2199 purgate
339 2135 409 2183 nefas
434 2137 483 2184 Hic
493 2135 592 2200 denique
602 2136 664 2183 solus

115 2199 210 2255 Eluerit
220 2200 313 2263 sanguis
323 2201 448 2248 macitlatas
459 2201 554 2249 crimine
564 2199 678 2248 mentes.''
742 2199 791 2246 200

149 2264 263 2328 Dumque
273 2281 300 2312 eo
311 2265 478 2329 nequidquam,
490 2280 536 2313 non
548 2265 591 2312 ulli
600 2265 662 2319 laeta,
676 2262 790 2327 profatur,

115 2329 209 2378 Audite
219 2329 342 2391 asperitate
351 2330 394 2377 viri
405 2340 525 2394 ooeptoque
535 2329 613 2388 socci,

117 2393 201 2442 Multis
211 2393 257 2441 feta
267 2409 347 2458 gerens
357 2395 392 2441 iri
402 2393 536 2456 precordia,
549 2393 634 2442 Poenus

117 2457 235 2506 Adstabat
243 2458 325 2517 muris,
353 2474 478 2522 ropereque
488 2474 599 2507 arcessere
608 2459 678 2507 lectos

118 2521 240 2570 Immitem
250 2523 330 2571 cestria
366 2523 441 2570 ocium
449 2523 524 2584 jubet.
540 2523 644 2588 llomids
654 2522 734 2581 virtus,
743 2522 791 2569 20⁵

116 2585 293 2652 Armammque
303 2586 349 2637 lide
358 2597 448 2652 pectus,
457 2587 559 2653 rectique
569 2587 661 2652 cupido,

675 2665 692 2700 τ
