1875 2917
148 84 193 133 144
266 84 378 135 SILIUS
395 84 570 135 ITALICUS.
587 85 665 135 VIII.
680 87 722 134 26.

146 212 373 275 Adapeaarmomm
384 214 672 263 etlirrialiavotareducit
793 218 835 265 2⁰

146 276 245 323 Bremia
256 277 389 325 Cannarum
400 279 474 337 Juno‚
485 287 556 342 atque
566 279 627 327 elata
636 280 727 327 faturia

155 344 158 351 “
179 340 288 404 Namque
298 342 342 389 hae
352 343 447 389 accitam
458 343 544 405 stagnis
556 344 713 392 laurentibus
719 344 832 393 Annam

147 404 241 452 Affatur
251 420 313 465 vore,
325 414 347 453 et
358 406 448 454 blandis
457 407 587 456 hortatibus
597 409 694 471 implet:

148 469 292 531 “Sanguine
303 480 399 532 cognato
407 472 499 532 juvenis
510 472 561 531 tibi,
571 473 641 531 Diva,
650 473 740 520 laborat
791 474 830 521 3⁰

148 532 276 593 Hannibal,
288 550 302 581 a
312 544 386 582 vestro
397 550 481 582 nomen
492 536 641 584 memorabile
650 537 716 584 Belo.

148 597 230 659 Perge,
242 613 291 660 age,
304 606 327 646 et
336 598 427 646 mannos
437 615 545 647 aurarum
556 601 684 664 eomprime
693 601 789 650 fluctira.

148 660 240 709 Excute
248 662 345 709 sollicito
353 663 453 711 Fabium
461 680 469 710 ε
486 664 535 711 aola
543 664 585 711 illa
593 665 689 712 latinos

148 725 198 773 Sub
206 727 264 789 juga
274 727 380 774 mittendi
391 742 462 775 mora.
486 728 544 776 Jam
555 729 691 791 discingitur
700 729 782 777 umia-

149 789 211 837 Cum
222 790 327 841 Varrone
337 806 428 847 manua,
440 799 527 840 etcum
539 792 643 841 Varrone
653 794 749 841 serenda
791 796 829 842 35

149 853 240 901 Proelia
267 856 305 903 Ne
315 853 373 903 desit
383 856 436 902 latia
447 855 477 902 nd
488 855 554 919 signa
564 858 685 905 movenda.

149 917 205 981 Ipaa
215 918 289 965 adero
317 920 410 967 Tendat
417 920 557 981 jamdudum
567 921 592 968 in
603 922 693 986 Iapyga
703 938 827 986 eampum.

148 981 205 1029 Huc
212 982 304 1031 Trebia
311 998 402 1031 rursum
410 992 434 1031 et
441 984 791 1050 Tmaymenifataaequentur.”

181 1045 246 1094 Tum
258 1046 328 1107 Diva,
341 1048 453 1111 Indigetis
462 1049 530 1097 enada
540 1051 681 1097 contermina
690 1051 757 1109 lucia,

149 1112 167 1139 “
174 1110 273 1171 Haud,’'
282 1111 367 1175 inquit,
380 1116 397 1141 ‘⁴
405 1121 446 1159 tua
453 1115 494 1174 Jna
504 1115 570 1163 nebia
580 1124 694 1178 praeepta
704 1115 800 1163 morari.

149 1173 198 1235 [Sit
208 1174 250 1234 faa,
262 1176 292 1223 ait
302 1179 414 1241 tantum]
428 1177 528 1241 (quaeao)
539 1178 635 1227 retinere
644 1180 748 1227 favorem
789 1180 824 1227 41

148 1239 262 1303 Antiqua
272 1242 359 1304 patrie,
370 1242 526 1305 mandataque
536 1258 621 1305 magna
632 1244 729 1291 rororis:

148 1304 299 1368 Quamquam
310 1304 369 1353 inter
378 1306 456 1353 Latios
462 1306 542 1354 Annoe
549 1316 594 1354 atet
601 1322 688 1355 numen
696 1308 826 1355 honorea.”

181 1368 261 1415 Multa
271 1378 330 1416 retro
342 1385 418 1417 verum
427 1371 496 1430 jacet,
508 1380 578 1433 atque
586 1373 724 1435 ambagibus
733 1372 777 1420 aevi

149 1430 274 1495 Obtegitur
284 1432 354 1481 densi
365 1434 462 1495 ealigine
472 1450 547 1482 merra
556 1445 665 1495 vetustae,
788 1438 824 1483 45

148 1495 197 1543 Cur
208 1498 306 1545 Sarrana
316 1497 391 1544 dicent
402 1500 496 1545 OEnotri
506 1500 602 1547 numina
612 1502 708 1563 templo,

148 1560 282 1625 Regnisme
293 1562 424 1610 AEneadbm
435 1578 545 1625 germana
554 1565 643 1611 eolntur
653 1566 742 1614 Elissa.

148 1624 194 1675 Sed
203 1625 284 1689 pressis
295 1626 406 1689 stringam
416 1637 545 1674 mvoeaunr
556 1630 587 1676 ab
597 1630 685 1691 origine
694 1630 783 1677 famam

147 1689 265 1737 Narrandi
275 1690 350 1749 metis,
362 1691 504 1753 breviterque
513 1693 609 1755 antiqua
619 1695 742 1742 revolvam.

180 1754 252 1802 Iliaco
260 1764 383 1817 postquam
394 1755 482 1803 deserta
491 1765 525 1803 eat
532 1756 622 1819 hospite
633 1757 704 1817 Dido,
785 1761 822 1806 50

147 1818 180 1865 Et
191 1834 242 1881 apes
250 1820 363 1880 abrupta
375 1819 457 1867 mediis
466 1822 621 1883 penetralibus
631 1833 705 1869 atram

146 1882 250 1930 Festinat
260 1881 384 1930 furibunda
394 1899 483 1947 pyram
496 1915 499 1919 ι
512 1885 576 1932 Tum
587 1886 681 1948 eorripit
690 1901 778 1945 enaem,

146 1946 215 1995 Certa
225 1947 295 2006 necis,
307 1946 399 2009 profugi
409 1948 496 1995 donum
508 1949 600 1996 exitiale
610 1950 693 1997 mariti.

146 2011 275 2075 Despectus
286 2011 359 2070 teda,
370 2013 446 2074 regnis
457 2027 482 2060 ae
491 2013 591 2077 imponit
602 2015 690 2072 Iarbae,

145 2075 178 2123 Et
189 2076 266 2140 tepido
276 2075 336 2139 fugit
346 2076 418 2124 Anna
428 2092 491 2139 rogo
518 2078 580 2137 QuIa
589 2080 658 2126 rebua
668 2079 746 2141 egenis
785 2082 820 2129 55

145 2140 224 2189 Ferret
234 2156 310 2203 opem,
323 2140 459 2189 Nomadum
471 2141 518 2189 late
528 2150 624 2189 terrente
634 2146 752 2205 tyranno?

176 2206 261 2253 Battus
272 2204 376 2280 Cyrenen
387 2205 453 2253 molli
462 2215 515 2253 tum
525 2206 583 2253 forte
593 2207 685 2254 fovebat

144 2269 255 2332 Imperio,
266 2269 329 2317 mitia
340 2270 432 2326 Battus,
443 2270 603 2333 lacrymaeque
613 2270 702 2320 dadino

144 2332 242 2380 Casibus
252 2333 360 2381 humanis
371 2334 450 2381 facilia
478 2335 536 2393 Qui,
548 2334 650 2399 supplice
660 2336 718 2396 viai,

143 2396 268 2444 Intremuit
278 2411 360 2459 regum
372 2406 475 2457 eventus,
486 2399 637 2463 dextramque
647 2401 751 2449 tetendit.
784 2404 819 2452 60

142 2459 223 2521 Atque
234 2475 273 2518 ea‚,
282 2460 339 2508 dum
350 2462 421 2509 flavas
430 2463 466 2510 bis
476 2463 556 2511 tondet
565 2478 652 2511 memor
661 2465 750 2526 aristae,

143 2522 237 2569 Servata
247 2524 333 2573 interea
343 2525 422 2572 aedear
439 2540 482 2574 nee
492 2526 583 2589 longina
594 2527 630 2574 uti
694 2543 696 2547 ’

141 2584 188 2633 Ilia
198 2586 281 2648 opibus
292 2587 409 2653 Battoque
417 2589 469 2637 fuit.
499 2592 564 2639 Nam
573 2590 634 2640 ferre
642 2606 685 2654 per
694 2609 775 2659 aequor
805 2642 809 2648 ,
