1875 2917
155 82 190 131 28
281 80 393 132 smus
410 76 587 130 ITALICUS.
601 81 639 130 11.
655 80 718 129 Μ

88 238 93 261 ι
156 210 208 259 Nec
218 222 289 271 nunc,
300 208 391 259 obsessi
401 209 497 259 demum
508 220 532 257 et
540 209 646 259 tumente
654 211 768 272 Sagunto,

157 275 217 323 Haec
227 289 290 325 serus
299 283 361 323 vates
373 274 477 322 Hannon
487 274 563 322 cenits
580 275 651 323 anxia
660 274 715 338 rupi
785 270 839 318 285

159 340 271 398 Pectcrs3
289 354 318 387 ne
328 340 407 387 cestris
417 339 568 387 innutrirenrr
578 348 601 387 et
611 338 682 387 armis

159 403 262 451 Exitiele
272 411 350 467 caput,
362 402 451 461 monui,
463 412 495 460 et,
507 402 564 449 dnm
575 402 632 460 vita,
642 405 751 463 monebo,

157 467 293 531 Ingenitum
304 482 399 515 noscens
411 468 485 526 virus,
496 468 612 531 flatusque
623 476 747 531 paterncss

159 532 202 590 Ut,
215 534 256 596 qui
266 533 381 595 stelligero
392 532 522 595 speculatur
533 532 608 579 sidera
617 532 682 590 coelo,

159 596 290 645 Venturam
301 596 379 660 pelagi
387 596 475 643 rabiem
486 596 604 659 Caurique
613 596 693 643 future
784 597 837 645 29⁰

159 661 267 709 Proedicit
278 662 366 709 miseris
377 660 441 708 haud
450 676 525 708 vanus
534 660 631 707 flamina
640 659 725 709 nentis.

160 726 270 774 Consedit
280 726 337 773 solio
347 740 471 788 rerumque
480 724 565 772 invasit
575 724 685 772 habenas.

158 791 223 853 Ergo
234 791 305 837 ermis
315 790 397 849 foedus,
408 789 490 852 sesque
500 803 578 847 omne,
589 789 736 853 abrumpitur
746 788 836 838 annist

160 853 256 917 Oppida
266 862 412 917 quassantur,
423 853 538 917 longeque
548 853 573 900 in
584 854 669 901 rnoenia
679 863 758 902 nostre

158 918 291 966 AEnecdum
301 928 394 966 erreetae
403 926 507 974 merten
523 915 663 981 disjectaque
672 934 721 981 pax
731 926 772 966 est.
786 918 837 965 295

141 984 142 988 ’
158 983 287 1045 Exegitant
298 982 382 1030 blance
391 984 500 1043 juvenem
510 981 624 1045 furiaeque
633 991 744 1045 paternae,

159 1048 198 1095 Ac
208 1046 300 1095 funesta
310 1060 382 1105 secra,
395 1054 418 1094 et
429 1046 532 1095 conrasi
540 1046 625 1093 tedere
635 1056 705 1110 rupto

117 1144 118 1147 =
160 1112 190 1158 In
202 1121 273 1173 ceput
282 1110 381 1159 infidum
392 1111 484 1175 Superi,
496 1110 647 1173 Massylaque
658 1121 730 1160 vates.

159 1175 201 1223 An
212 1190 274 1223 nunc
283 1174 330 1231 itte,
341 1176 395 1223 novi
405 1190 479 1224 caecus
489 1175 587 1237 caligine
595 1176 671 1237 regni,
793 1237 795 1239 v

159 1240 276 1287 Externas
285 1255 346 1288 arces
357 1240 450 1303 quatit?
468 1239 532 1287 haud
542 1238 668 1302 Tirynthia
677 1248 744 1299 tecte,
766 1288 770 1293 ,
784 1240 837 1289 300

160 1304 211 1367 (Sic
220 1305 314 1367 propriis
322 1305 373 1351 luat
383 1304 427 1352 hoc
436 1304 514 1367 pesnis,
524 1318 568 1351 nec
577 1304 673 1352 misceat
682 1306 747 1353 urbis
759 1313 765 1319 ”

160 1370 220 1416 Fata
230 1368 289 1430 suis)
301 1384 364 1415 nunc
373 1368 427 1425 hcc,
437 1369 544 1432 inquam,
554 1367 600 1417 hcc
608 1368 634 1415 in
642 1376 745 1433 tempore
755 1384 839 1417 murce

161 1432 299 1495 Oppugnat‚
312 1432 437 1495 Carthago,
449 1441 509 1492 tuos,
520 1441 590 1495 teque
599 1433 689 1481 obsidet
699 1434 777 1482 armis.
832 1440 835 1445 '

160 1497 274 1544 Levimus
285 1496 401 1544 Hennaees
411 1497 515 1544 animoso
525 1498 637 1559 sanguine
646 1498 726 1559 valles,

160 1561 194 1609 Et
205 1562 244 1609 vix
255 1560 366 1609 conducto
376 1560 529 1623 produximus
538 1576 603 1608 arma
613 1561 714 1609 laccne
785 1562 837 1610 30⁶

161 1626 213 1673 Nos
223 1626 311 1673 ratibus
320 1626 399 1673 laceris
410 1624 509 1689 Scyllaec
518 1625 658 1688 replevimus
667 1636 743 1686 anna,

161 1689 280 1739 classibus
291 1698 314 1738 et
324 1690 396 1738 rdluc
406 1690 561 1753 spectavimus
570 1704 662 1751 aequore
671 1692 743 1755 raptis

160 1754 271 1801 Conterte
281 1770 294 1803 e
304 1754 377 1802 srmdo
390 1763 546 1803 revomentem
555 1761 655 1802 transtra
663 1754 809 1819 Charybdin.

160 1818 268 1881 Respice,
280 1834 330 1882 pro,
343 1818 437 1867 demens
446 1818 452 1865 l
469 1833 521 1882 pro,
532 1825 613 1881 peetus
622 1817 691 1867 inam
701 1818 823 1868 Decnrm!

159 1882 264 1945 AEgetes‚
276 1884 404 1947 libyaeque
414 1884 495 1947 procul
505 1881 620 1930 fluitantia
630 1886 743 1932 menbra.
783 1884 835 1934 ³10
882 1895 884 1900 '

160 1947 216 2006 Quo
226 1946 293 1995 ruis?
311 1956 333 1995 et
343 1947 424 2009 petria
435 1946 505 1995 exitio
516 1946 559 1993 tibi
568 1946 663 1995 nemina
672 1950 777 2011 quetis?

160 2012 252 2059 Scilicet
261 2012 390 2069 imfflensae,
402 2011 456 2059 visis
464 2010 607 2071 juvenilibus
616 2012 697 2073 amris,

159 2076 286 2124 Subsident
295 2076 385 2139 Alpes!
403 2074 506 2123 subsidet
517 2074 578 2121 mole
588 2075 669 2134 nivali,

160 2139 264 2203 Alpibus
274 2149 393 2205 sequutum
404 2138 511 2187 attollens
521 2147 591 2200 caput
600 2140 754 2201 Apenninus!

160 2204 206 2251 Sed
217 2219 310 2268 oempes
319 2205 365 2262 fec,
376 2218 443 2259 vane,
454 2202 519 2259 dari;
535 2216 593 2249 num
601 2204 709 2265 gentibus
718 2205 770 2253 istis
785 2205 836 2254 315
928 2209 929 2230 ³

161 2267 274 2315 Mortales
285 2268 376 2315 eninri?
391 2275 432 2315 ant
442 2266 502 2313 ferro
510 2266 634 2314 flammise
643 2267 770 2318 fatiscunt?

162 2330 236 2379 Hand
246 2331 289 2379 tibi
301 2332 391 2379 Neritii
401 2344 478 2379 cernes
488 2345 542 2377 cum
552 2330 618 2391 prule
627 2331 738 2380 laborem.
824 2370 829 2376 .

162 2394 272 2442 Pubeseit
282 2394 361 2445 castris
370 2395 445 2452 miles,
457 2394 570 2457 guledque
580 2402 694 2455 teruntur,

163 2457 277 2504 Nondum
288 2458 383 2520 signata
392 2458 453 2506 flevi
463 2457 582 2520 lanugine,
593 2457 669 2507 mue

162 2520 214 2568 Nec
224 2521 314 2583 requies
324 2520 368 2571 evi
377 2530 447 2577 notas
461 2535 636 2584 exsanguesque
646 2522 756 2572 macedo
787 2526 837 2573 ³20

160 2585 231 2633 Stant
240 2584 317 2648 prime
327 2584 387 2634 ieter
397 2585 463 2650 signs
473 2600 548 2645 mnes,
558 2584 678 2652 letumque
686 2587 810 2653 lscoeunnt.
