1875 2917
166 76 198 123 ot
291 75 406 125 simus
423 74 595 143 inaurcua
611 70 657 122 rv.
675 73 731 121 rea.

168 202 234 250 Dum
246 206 327 267 prium
337 205 405 253 decus
416 204 506 252 affectat
516 202 634 267 decerpere
643 217 738 266 pugnae,
800 202 849 249 138

169 266 247 314 Obvia
257 269 412 331 quadrupedis
423 282 524 331 praeeepa
535 268 608 315 Cotus
618 283 659 315 ore
667 267 767 314 tulisset

168 330 207 378 Sic
217 330 386 396 elanguescens,
397 348 424 379 ac
432 333 481 393 jam
491 346 580 390 casura,
591 332 690 395 petitum
801 332 850 377 140

169 396 262 444 Invenit
273 398 365 456 vulnus,
377 397 509 460 cademque
519 397 606 459 aceepit
616 398 645 443 ab
655 396 728 454 hoetc,

170 460 268 519 Cornus,
281 470 303 509 et
313 462 395 509 oblate
405 462 466 509 stetit
476 462 536 508 inter
546 468 649 524 tempora
659 460 749 507 frontis·

203 525 329 573 Incurrunt
339 526 406 579 acies.
418 540 550 589 magnoque
559 524 649 587 fragore
658 540 700 589 per
710 539 793 588 equor

169 589 320 652 Suspendunt
330 592 405 637 cuncti
416 590 486 637 scenio
496 588 595 637 sublime
602 589 707 639 reductos

172 654 320 717 Coi-nipedes,
332 655 438 717 ultroque
448 653 533 701 terunt.
566 653 663 701 Erectus
673 654 697 699 in
709 669 778 701 auras
801 654 848 699 115

171 718 196 766 It
206 718 310 780 sonipes3
328 719 454 781 rapidaque
464 719 544 765 volans
553 733 595 781 per
604 728 683 781 aperte
693 718 804 780 procelli,

173 782 265 829 Tenuia
276 784 316 830 vix
326 798 417 831 summo
428 782 524 844 vestigia
533 781 627 844 pulvere
637 782 719 845 signet.

171 847 292 900 Boiorum,
303 856 356 895 ente
367 847 431 904 alias,
443 846 522 909 Cryxo
532 846 596 901 duee,
608 846 700 894 mobilis
710 847 749 894 ala

172 911 265 959 Arietat
274 912 298 957 in
309 912 404 975 primos,
416 910 531 974 obicitque
541 910 653 957 immania
661 912 775 959 membru.

174 975 237 1037 Ipse,
249 983 340 1023 tumens
351 976 431 1035 atavis,
440 974 530 1023 Brenni
541 990 565 1022 se
574 976 643 1038 stirpe
653 975 741 1023 ferebat
800 977 848 1024 150

175 1038 277 1102 Gryneus,
290 1049 312 1087 et
322 1040 347 1087 in
358 1040 436 1087 titulos
447 1038 562 1101 Capitolia
571 1049 638 1102 cepta
648 1039 769 1098 trahebat;

176 1104 322 1167 Taqieioque
330 1106 388 1167 jugo
399 1104 494 1151 dement
503 1112 526 1150 et
536 1103 618 1151 vertice
629 1120 692 1151 sacro

175 1168 300 1216 Pensantes
311 1184 394 1216 aurum
406 1168 483 1215 Celtas
493 1170 594 1215 umbone
604 1170 703 1231 gerebat.

173 1232 240 1280 Colla
252 1233 295 1281 viri
305 1233 369 1281 fulvo
379 1232 500 1280 radiabunt
509 1232 581 1279 lacteo
591 1240 688 1295 torque3

175 1297 242 1343 Aum
253 1298 346 1360 virgata
356 1305 444 1351 vestest
461 1297 603 1371 moniumque
613 1297 718 1359 rigebant
801 1300 847 1347 155

175 1362 214 1408 Ex
226 1377 281 1408 auro
289 1370 337 1422 :let
347 1361 417 1409 simili
427 1361 531 1408 vibrabat
541 1369 609 1408 crusta
618 1362 719 1409 metallo.

206 1426 320 1473 Sternitur
329 1425 432 1489 impulsu
442 1434 506 1473 vesto
516 1424 619 1488 perculsa
630 1425 765 1474 Camertum

176 1489 255 1536 Prima
265 1490 383 1551 phalanxc
401 1490 525 1552 spissaeque
535 1498 606 1536 ruunt
616 1489 716 1537 conserta
730 1505 772 1551 per
782 1506 847 1537 arma
911 1504 914 1511 ·

175 1553 251 1600 Undae
263 1554 389 1601 Boiorumt
407 1554 490 1601 sociata
501 1552 607 1600 examina
617 1553 713 1601 densent

172 1618 267 1664 Infandi
278 1619 392 1675 Senonum
410 1616 533 1681 collisoque
543 1618 758 1681 quadrupedantum
800 1620 845 1666 lot

172 1683 307 1730 Pectoribus
318 1690 365 1731 toto
376 1682 500 1729 volvuntur
509 1696 602 1744 corpora
612 1698 701 1745 campo.

173 1747 240 1793 Arva
250 1755 345 1802 netant3
363 1748 469 1809 altusque
481 1746 555 1793 virum
566 1761 640 1805 curor,
651 1749 712 1795 altus
722 1763 843 1811 equorum,

174 1811 276 1860 Isubn'ca
286 1810 401 1873 belligerae
411 1813 486 1858 sorbet
495 1809 591 1873 vestigia
600 1819 690 1858 turmae.

175 1876 320 1923 Seminecum
331 1876 404 1923 letum
415 1875 504 1937 peragit
512 1875 588 1936 matie
598 1876 687 1938 ungula
696 1877 776 1940 pulm,

175 1940 210 1988 Et
220 1939 403 1987 circumvolitans
415 1946 483 1985 tetros
493 1955 508 1986 a
519 1939 630 2003 sunguine
640 1955 702 1988 roceo
799 1940 843 1987 165

176 2004 269 2067 Spargit
278 2004 359 2061 humo,
371 2002 505 2066 miserisque
515 2019 557 2049 suo
566 2004 623 2051 lavit
633 2020 698 2051 arma
708 2020 794 2051 cruore.

176 2068 271 2131 Spicula
281 2066 365 2131 prima,
376 2083 443 2131 puer,
454 2067 548 2126 tumidi,
556 2067 685 2130 Tyrrheue,
697 2069 775 2116 Pelori

178 2134 298 2195 Purpureo
308 2131 407 2181 moriens
417 2131 519 2179 victricia
528 2132 640 2195 sauguine
649 2132 726 2195 tingis.

177 2197 242 2245 Nam
263 2197 314 2253 tibi,
333 2196 391 2245 dum
412 2196 518 2244 stimulus
537 2200 624 2255 coruuf
636 2204 706 2260 atque
724 2198 747 2245 iu
767 2199 843 2261 proeliu

272 2270 361 2309 mentes

175 2325 298 2383 Accendit,
310 2340 449 2390 renovasque
460 2325 520 2373 viroa
530 2324 560 2371 ati
570 2325 666 2373 vulnera
676 2335 754 2382 cantu,
799 2328 841 2382 170

150 2391 152 2395 '
178 2388 253 2434 Haesit
263 2388 406 2437 barbaricum
417 2392 460 2437 nub
471 2389 553 2436 anhelo
563 2397 656 2451 gutture
666 2390 738 2437 telum
747 2407 755 2445 ς

176 2451 209 2497 Et
220 2450 301 2498 clausit
311 2466 406 2499 raucum
417 2453 481 2501 letali
492 2453 585 2500 vulnere
595 2467 708 2501 murmur.

178 2516 213 2559 At
224 2529 301 2571 sonus,
313 2524 414 2563 extremo
424 2517 542 2563 morientia
551 2516 616 2563 fusus
626 2518 657 2563 cb
666 2532 714 2574 ore,

180 2577 254 2623 Flexa
264 2578 387 2638 pererravit
398 2579 469 2627 mutia
478 2580 528 2640 jam
538 2594 623 2628 cornua
633 2579 712 2629 labris.
