1875 2917
149 84 196 133 lta
260 82 372 133 slnms
389 80 716 133 Imbreus-vneror.

146 211 373 261 monueramus
383 211 457 260 rabidi
467 211 667 275 mugirejurenei.
823 212 828 219 '

147 276 194 325 Per
201 277 267 339 juge,
279 291 320 340 per
330 274 409 334 valles,
420 284 482 323 errat
490 274 606 324 Vulcania
616 275 695 339 pestis,
777 274 832 321 360

146 342 271 403 Nusquam
283 348 357 389 stante
367 340 444 397 melo;
462 339 583 403 ruinaque
594 341 662 387 litora
672 339 781 401 fulgente

146 405 227 464 Quam
238 406 321 463 multa,
332 404 415 453 affixus
426 405 490 463 celo,
502 406 546 452 sub
556 414 623 452 nocte
638 404 726 462 sereni,

146 468 268 517 Fluctibus
278 484 291 516 e
301 468 384 517 mediis
395 469 495 516 sulcator
506 469 585 516 navita
594 469 661 532 ponti

146 534 220 581 Astra
230 533 306 589 videm
325 548 397 597 quam
404 532 479 580 malta
490 532 560 591 ridet,
573 532 701 581 fervoribus
708 532 767 582 atris

148 597 211 645 (lum
223 598 333 645 Calabros
343 605 417 645 urunt
426 596 456 644 ad
466 595 564 659 pinguia
573 597 661 659 pabula
670 598 752 656 saltus,
775 597 830 644 36⁵

148 660 241 711 Vertioe
252 662 355 725 Gargani
365 661 465 709 residens
475 660 581 709 incendia
589 669 673 723 pastor.

180 726 217 773 At
224 726 282 775 fecie
295 726 371 775 subiti
382 725 519 773 volitantbm
530 726 649 791 montibus
658 726 712 773 altis

149 791 318 850 Flammarum,
330 791 383 853 quis
394 798 449 837 tunc
460 788 541 838 cecidit
550 789 654 837 urstodia
663 790 725 848 sorti,

150 855 258 913 Horrore,
267 864 336 919 atque
347 855 417 918 ipsos,
428 854 494 901 nullo
504 864 633 917 spargente,
645 854 722 917 vagari

150 919 256 975 Credere,
265 927 289 966 et
299 919 422 966 indomitos
432 918 495 981 pasci
506 920 549 966 sub
560 918 665 978 collibus,
676 918 748 982 ignes.
775 919 828 975 370

150 982 243 1031 celone
256 982 388 1042 exciderint,
400 991 423 1030 et
432 982 519 1045 magni
529 982 630 1030 fulmina
639 982 722 1030 dextris

151 1046 253 1095 Torserit
264 1046 426 1111 Omnipotens,
438 1062 468 1093 an
479 1046 544 1095 sads
553 1054 622 1110 rupta
632 1047 735 1095 cavernis

151 1111 248 1159 Fuderit
258 1120 344 1173 egestas
355 1125 447 1163 accenso
458 1110 546 1159 sulfure
556 1112 663 1159 flammea

150 1176 238 1224 Infelix
246 1176 323 1236 tellus,
335 1175 412 1223 medis
422 1176 448 1221 in
458 1174 581 1223 fomridine
591 1185 704 1239 quierunt.

149 1240 253 1304 Jamque
263 1242 349 1288 abeunt
358 1257 365 1287 r
381 1240 504 1303 faucesque
515 1240 559 1288 rias
569 1240 628 1287 citus
638 1248 735 1304 occupet
744 1241 818 1291 armis
924 1291 925 1298 ,

150 1305 244 1362 Poenus,
256 1312 279 1352 et
289 1305 313 1351 in
324 1305 416 1368 patulos
426 1304 545 1352 exsultans
555 1305 638 1351 emicat
647 1320 721 1367 agros
775 1306 828 1361 376

150 1369 207 1416 Huc
217 1380 294 1416 tamen
304 1384 378 1431 usque
389 1368 445 1431 vigil
455 1377 594 1432 processerat
601 1377 650 1416 arte
660 1368 755 1431 regendi

150 1432 264 1491 Dictator,
277 1432 387 1480 Trebiam
398 1442 421 1480 et
433 1432 507 1481 Tusci
516 1441 569 1497 post
578 1441 659 1496 stagna
672 1433 791 1496 profundi,

150 1496 218 1543 Esset
228 1504 255 1543 ut
266 1496 395 1544 Hannibali
406 1497 506 1545 Fabium
518 1499 672 1561 Romanaque
682 1498 728 1546 tela

150 1560 256 1609 Erasisse
266 1560 327 1608 satis.
353 1560 451 1616 Quinst
463 1562 559 1624 vestigia
568 1562 639 1624 pulsi,
775 1563 826 1611 380

150 1625 184 1673 Et
194 1640 284 1688 gressus
294 1634 407 1689 premeret
416 1626 502 1685 eamne,
514 1626 558 1673 nisi
568 1642 631 1673 sacra
641 1634 747 1674 vocarent

150 1689 191 1737 Ad
202 1690 288 1754 patrios
295 1691 423 1739 veneranda
432 1692 502 1739 Deos.
520 1691 593 1749 Tum,
601 1705 679 1738 versus
686 1690 716 1737 ad
724 1691 825 1753 Urben,

149 1754 287 1819 Alloquitur
295 1756 412 1815 juvenem,
422 1756 459 1804 eui
469 1770 520 1802 mos
531 1755 685 1802 transmittere
695 1755 768 1818 signa,

150 1818 185 1865 Et
194 1819 252 1867 belli
258 1834 377 1893 ¹summam
386 1820 519 1885 primasque
526 1821 623 1880 jubebat
633 1818 748 1874 habenas3

151 1882 825 2011 escambium

150 2011 245 2059 Enrdiit
255 2012 359 2059 Fortuna
369 2012 441 2068 meist
458 2028 501 2061 nec
507 2013 589 2060 ducere
599 2014 668 2061 verba

150 2076 192 2123 Aa
203 2092 283 2133 rerum
295 2076 371 2135 decus,
383 2092 409 2124 ac
419 2076 495 2140 pravis
505 2092 588 2134 arcere,
599 2077 715 2127 valebunt·

152 2140 238 2187 Vidisti
248 2140 352 2187 clausum
365 2141 529 2189 Hannibalem.
554 2142 597 2189 Nil
607 2140 675 2189 miles
685 2150 709 2189 et
717 2143 760 2191 alar

151 2203 247 2262 lavere,
259 2214 301 2251 aut
311 2204 387 2251 densis
397 2204 457 2267 legio
467 2206 569 2253 conferta
577 2205 693 2267 maniplis.
776 2210 827 2258 aeo

152 2265 249 2325 [Testor
260 2275 290 2325 te,
299 2266 362 2314 solus
373 2268 460 2325 cluusi3
478 2284 520 2316 nec
530 2268 612 2317 deinde
623 2272 730 2318 morabor
737 2273 758 2334 ι]

152 2329 198 2375 Dis
209 2329 257 2375 sine
268 2345 306 2377 me
316 2330 388 2378 libare
398 2331 493 2394 dapem,
498 2341 521 2381 et
530 2333 642 2381 sollennia
652 2333 717 2381 ferre.

152 2392 221 2438 Tunc
227 2392 311 2440 iterum
318 2404 388 2456 atque
396 2395 481 2443 iterum
486 2396 590 2444 vinetum
596 2397 634 2445 vel
639 2398 758 2447 montibus
763 2401 826 2463 altis,

151 2454 267 2501 Amnibus
277 2464 319 2503 aut
329 2458 422 2519 rapidis,
430 2460 511 2521 (modo
520 2461 600 2523 pugna
605 2460 717 2522 absistite)
726 2464 826 2513 credun.

151 2518 242 2563 Interea
252 2519 327 2570 (crexle
338 2530 446 2583 experto;
457 2539 504 2571 non
514 2523 628 2585 fallimus)
639 2525 707 2587 aegris
778 2529 830 2577 395

151 2579 195 2627 Nil
206 2582 304 2629 movisse
315 2584 379 2631 salus
388 2588 462 2635 rebus.
488 2587 525 2635 Sit
535 2589 608 2650 gloria
617 2588 706 2647 multis,
