1875 2917
175 78 225 126 sss
288 73 589 128 s1n1us1nnmcus
605 71 668 122 x11.
684 57 747 121 ue

176 203 250 253 Haud
266 205 371 269 dignam,
390 204 451 254 inter
469 208 659 264 tantamorann
692 202 750 250 Nec
770 208 864 312 Ἣ

272 278 387 318 menum

175 333 274 396 Algida,
286 349 328 382 nec
336 335 407 395 jnxts
415 332 518 381 Junonis
528 340 589 380 tecta
600 331 707 380 Gabinoe.

177 397 285 462 Princeps
294 399 326 446 ad
348 399 354 410 '
406 397 506 445 immani
516 397 608 444 turbine
618 397 701 456 fertur,

176 461 291 510 sulfureis
301 413 397 525 adierint
401 461 450 524 qui
459 461 530 524 serpit
539 461 622 508 leniter
632 459 703 508 undis

174 524 218 572 Ad
228 527 354 589 genitorem
364 525 430 574 Anio
440 525 530 584 lobene,
544 525 593 573 sine
603 539 734 584 murmure,
747 521 853 572 Tibrim.

175 589 226 637 Hic
236 598 263 638 ut
273 590 339 654 signa
348 591 413 638 ferox
422 589 574 652 dimensaque
583 597 657 636 castra
666 587 765 648 locavit,
814 585 860 633 541

175 655 210 702 lit
220 655 281 718 ripss
290 654 418 704 tremefecit
427 669 505 717 eques,
517 652 637 716 perterrita
647 652 722 716 pulsis

176 718 223 766 llis
232 719 309 782 prima
318 718 383 766 sadis
394 733 456 766 sacro
466 733 492 766 se
501 717 606 780 conjugis
616 727 684 764 antro

176 783 296 841 condidi,
307 792 331 832 et
339 792 429 832 ennue
439 782 550 845 tugermt
560 781 652 844 gurgite
662 780 796 844 Nympha.

176 847 214 894 At
224 857 309 896 matres
319 847 402 903 laada,
413 863 455 894 ceu
464 846 551 894 moenia
561 845 627 892 nulla
637 845 767 908 supersint,
812 843 861 892 545

175 912 290 959 Attonitos
300 912 386 976 passim
396 911 529 958 furibundis
538 910 652 973 gressibus
662 918 751 957 errant.

208 975 275 1023 Ante
284 977 362 1024 oculos
372 975 466 1024 adstant
475 975 555 1022 lacera
565 973 735 1037 trepidantibus
746 976 850 1031 umbre,

177 1037 284 1104 Quasque
301 1056 395 1102 gravem
412 1040 444 1087 ad
465 1038 586 1098 Trebiam,
604 1053 703 1102 quaque
720 1037 754 1086 sd
775 1037 863 1087 Ticina

276 1105 364 1152 fluenta

177 1167 304 1232 oppetiere
313 1183 403 1227 necem,
414 1167 505 1217 Paulus
517 1167 682 1230 Gracchusque
692 1166 794 1225 cruenti,

177 1231 353 1296 Flaminiusque
364 1233 443 1290 simul,
454 1231 544 1280 miseris
555 1240 608 1280 ante
618 1247 658 1280 ora
667 1241 795 1294 vagantur.
813 1231 863 1278 55⁰

177 1296 269 1346 Clausit
279 1300 348 1346 turba
357 1297 412 1345 vias.
445 1297 498 1344 stat
508 1295 581 1344 celsus
591 1305 615 1344 et
624 1309 691 1358 asper
700 1297 732 1343 ab
743 1293 788 1356 iri,

179 1360 349 1424 ingentemque
358 1370 448 1409 metum
458 1368 523 1408 torvo
534 1359 614 1408 domat
624 1374 671 1416 ore,
683 1368 787 1408 amamu-

178 1425 302 1472 Interdum
313 1436 392 1475 tamen
403 1433 529 1487 erumpunt
539 1427 582 1472 sub
595 1423 681 1472 casside
691 1424 752 1471 fusce

179 1488 226 1536 Per
246 1489 343 1538 tacitum
364 1491 489 1553 lacryma:
517 1492 534 1518 “
552 1487 664 1552 quidnam
686 1488 796 1536 Fortuna
818 1487 866 1536 mi-

277 1563 352 1613 netur,

178 1616 272 1676 Quidve
281 1616 362 1681 parent
372 1617 490 1680 Superii’'
523 1618 601 1667 Pubcs
611 1617 713 1682 dispersa
722 1633 766 1680 per
776 1618 841 1665 altas

178 1681 230 1728 Stat
239 1691 320 1741 turres,
329 1691 399 1745 atque
409 1681 456 1728 huc
463 1690 559 1730 ventum
570 1685 613 1730 sub
624 1681 690 1730 corde
699 1681 802 1741 volutat,
815 1680 865 1728 oto

179 1745 214 1792 Ut
222 1747 273 1805 jam
282 1748 361 1794 Roma
371 1746 426 1794 satis
436 1745 513 1794 credat
524 1745 645 1794 defendere
655 1761 741 1793 muros.

212 1810 298 1858 Poenus
309 1820 336 1858 ut
346 1810 377 1858 ad
390 1824 482 1858 somnos
491 1810 531 1858 vix
542 1819 615 1858 totam
626 1811 730 1858 cursibus
741 1818 804 1858 actae

179 1873 282 1921 Indulsit
292 1874 349 1938 pubi
359 1883 459 1932 noctem,
469 1874 527 1936 vigil
537 1874 594 1937 ipse,
605 1889 648 1920 nec
658 1875 733 1920 ullam

178 1936 221 1984 Ad
230 1939 333 2000 requiem
343 1938 425 1997 fucilm,
436 1938 575 2001 credensque
585 1937 704 1986 abscedere
714 1938 778 1996 vitae,
814 1938 865 1986 56⁰

178 2001 250 2060 Quod
260 2017 327 2065 sopor
337 2002 426 2066 eripiat,
437 2010 544 2065 tempus3
562 2002 703 2050 radiantibus
713 2001 787 2049 armis

179 2066 297 2124 Induit'ur‚
309 2066 491 2129 Nomadumque
499 2067 566 2128 jubet
578 2081 726 2129 prorumpere
736 2075 841 2116 turmas

73 2170 75 2177 .
179 2129 247 2187 Inde,
258 2131 315 2177 levis
325 2131 405 2188 irenis,
416 2130 503 2177 circum
514 2130 640 2192 pavitantia
650 2131 722 2178 fertur

179 2191 376 2255 Quadmpedante
387 2208 443 2240 sono
453 2193 564 2254 percsdsae
574 2195 659 2242 rnoenia
670 2195 762 2242 Romae·

179 2255 251 2302 Nunc
261 2257 337 2304 aditus
346 2258 437 2314 tuscas,
446 2257 535 2305 clausas
545 2272 608 2305 nunc
619 2257 712 2321 cuspide
721 2259 805 2321 pulsat
816 2260 867 2308 obi

179 2316 268 2366 Infestis
278 2329 363 2380 portas,
375 2321 505 2383 fruiturque
516 2321 598 2368 timore
608 2325 742 2383 pauentim.

180 2379 260 2439 Nunc,
272 2383 348 2430 lentus
358 2383 424 2431 celsis
435 2383 528 2432 adstatis
538 2384 563 2430 in
572 2385 679 2444 collibus,
690 2386 764 2434 intrat

179 2439 270 2490 Urbem
279 2446 360 2503 oeulis,
372 2447 486 2510 discitque
496 2448 566 2506 locos,
578 2463 704 2512 musasque
713 2449 836 2502 locorum.

179 2502 218 2548 Ac
227 2503 313 2566 legeret
323 2510 373 2556 risu
383 2520 476 2569 ornem,
487 2519 510 2558 et
520 2520 650 2574 penetraret
659 2513 684 2560 in
695 2528 779 2564 omnes

180 2563 309 2626 Sperando
318 2578 403 2633 partes,
414 2573 440 2620 ni
449 2588 536 2638 magno
546 2575 639 2624 oubue
649 2576 739 2628 masa
821 2581 872 2638 ⁶⁷⁰
