1875 2917
154 89 188 139 ai
275 88 387 142 simus
404 72 577 141 manicos
596 88 633 139 11.
652 89 707 139 isa

185 218 222 266 At
231 226 304 283 pater,
315 220 341 267 in
352 218 444 282 genuino
454 227 562 268 natorum
571 218 662 279 firnere,
672 218 776 281 Mopms

154 282 275 348 Correptos
285 299 351 332 arcus
361 293 396 331 ter
406 285 488 333 moesti
496 284 569 332 morit
578 285 609 332 ab
616 283 664 331 iris

155 347 203 395 Ter
213 348 292 396 cecidit
302 349 391 406 dextra,
403 362 425 396 et
436 357 502 397 notas
512 348 577 396 dolor
586 348 681 398 absmlit
690 355 758 396 artes·
779 347 832 395 lto

154 412 263 470 Poenitet,
274 413 319 461 heu
331 414 337 460 l
355 428 413 472 sero,
422 410 501 461 dulces
509 414 604 477 liquisse
612 421 720 475 penaten

153 474 301 542 Aneptoque
310 478 384 536 avide,
396 494 443 540 quo
453 476 561 535 concidis,
573 478 645 536 Icaro,
657 492 723 534 saxo,

154 542 282 606 Postquam
294 558 369 590 avum
380 541 454 589 senior
463 556 615 606 percussaque
624 550 716 605 pectora
726 540 812 589 frustra

124 641 139 651 .
154 606 238 665 Sentit,
250 615 281 662 et,
293 616 321 655 nt
331 614 405 656 tantos
416 609 543 669 compescet
553 615 627 653 morte
637 606 734 664 dolores,

155 670 200 717 Nil
209 670 259 733 opis
269 671 294 718 in
304 671 394 728 dextri,
403 678 473 717 vastae
483 686 507 718 se
517 670 618 718 culmine
627 670 697 718 turris
780 670 828 717 145

156 734 300 799 Pracipitem
309 736 373 798 jacit,
386 742 417 794 et,
428 734 536 797 delapsus
546 734 646 798 pondere
656 749 738 797 prono,

155 799 265 847 Membra
275 816 343 863 super
353 800 402 847 nati
412 799 562 859 moribundos
572 798 672 861 explicat
682 808 753 846 artus.

187 862 253 911 Dum
264 864 325 912 cadit
335 872 428 913 externo
439 864 566 927 Gortynius
576 863 665 911 advena
674 862 745 922 bello,

154 928 212 975 Jam
223 943 283 976 nova
292 930 386 982 molitus
397 928 515 976 stimulato
525 928 599 975 milite
609 926 713 987 Theron,

154 992 246 1041 Alcidae
257 993 337 1055 templi
347 1002 421 1041 custos
429 1008 521 1055 araeque
531 991 643 1050 sacerdos,
780 991 828 1039 150

155 1058 211 1105 Non
223 1066 379 1121 exspectatum
390 1057 468 1121 'l'yriis
479 1057 589 1105 effuderat
598 1071 692 1119 agmen,

156 1120 190 1169 Et
200 1121 248 1169 fera
258 1122 368 1170 miscebat
378 1122 476 1169 reserata
486 1122 565 1185 proelin
575 1121 649 1184 porti.

154 1186 180 1233 A
207 1202 236 1234 ue
246 1186 282 1233 illi
292 1200 338 1234 non
349 1186 415 1234 hasta
424 1202 506 1244 manu,
517 1200 564 1233 non
575 1185 658 1233 vertice
667 1185 753 1244 cassis3

155 1194 211 1309 Seid,
223 1250 279 1299 fisus
287 1251 340 1299 lutis
351 1251 454 1298 humeris
465 1259 488 1297 et
498 1251 559 1298 mole
567 1252 678 1311 juventae,

154 1314 260 1377 Agmina
271 1314 373 1364 vastabat
383 1316 456 1374 clavi,
468 1314 527 1361 nihil
538 1314 629 1377 indigus
640 1314 707 1362 ensis.
780 1314 827 1361 155

156 1379 256 1427 Exuviae
266 1379 335 1442 capiti
345 1380 466 1443 impositae,
480 1380 627 1442 tegimenque
636 1378 719 1439 leonis,

156 1442 295 1491 Terribilem
306 1444 414 1491 attollunt
424 1444 514 1491 excelso
523 1445 606 1491 vertice
615 1443 707 1491 rictum.

155 1508 257 1555 Centum
268 1523 355 1571 angues
365 1508 427 1555 idem
438 1508 581 1573 Lemaeeque
591 1517 693 1555 monstra
703 1510 798 1572 gerebat

156 1572 186 1619 In
196 1572 284 1636 clypeo,
296 1580 319 1620 et
329 1572 394 1619 sectis
403 1572 521 1635 geminam
531 1572 673 1635 serpentibus
685 1572 800 1636 Hydram.

155 1636 202 1685 Ille
212 1638 311 1696 labam,
329 1636 499 1701 Thapsumque
514 1647 613 1701 patrem,
627 1636 763 1701 clarumque
779 1637 830 1685 Mi-

251 1702 337 1765 cipsam
783 1703 829 1751 160

155 1766 258 1814 Nomine
268 1768 314 1823 avi,
326 1767 488 1831 Maurumque
497 1767 579 1825 Sacen,
591 1782 607 1813 a
616 1767 730 1815 moenibus
741 1775 812 1822 actos,

155 1830 310 1895 Palantesque
319 1832 385 1894 fuga,
397 1846 498 1895 preceps
507 1830 537 1878 ad
547 1830 614 1878 litora
624 1846 693 1879 cursu

154 1894 256 1957 Egeram
274 1905 344 1959 atque
354 1895 402 1943 und
412 1898 551 1959 spumabant
561 1911 654 1958 aequora
664 1895 756 1944 denti.

154 1959 180 2007 N
182 1975 207 2007 ec
217 1970 338 2007 contentus
350 1960 388 2007 Idi
398 1960 452 2016 leto,
464 1960 557 2023 letoque
567 1960 689 2016 Cothonis,

154 2024 352 2073 Marmaridaenec
360 2024 421 2073 caede
429 2025 511 2084 Rothi,
518 2039 560 2073 nec
567 2024 628 2071 carde
635 2025 768 2087 ,Iugurtha
782 2026 828 2074 165

153 2088 256 2152 Asbytes
266 2105 359 2137 currum
370 2098 392 2137 et
403 2088 513 2137 radiantis
522 2088 625 2151 tegmina
634 2090 700 2137 lena
719 2119 724 2126 ι

120 2160 121 2163 ’
153 2154 265 2204 Poscebat
275 2154 340 2209 votis,
352 2162 515 2217 gemmataque
524 2153 615 2200 lumina
624 2155 707 2217 peltae;

153 2216 235 2280 Atque
245 2218 269 2264 in
280 2218 390 2281 belligeri
401 2220 505 2266 versabat
515 2217 604 2280 virgine
613 2228 724 2266 mentem.

152 2280 231 2338 Quem
243 2296 307 2329 ruere
317 2292 345 2330 ut
354 2282 400 2330 telo
411 2282 468 2330 vidit
478 2282 556 2345 regina
566 2291 668 2337 omento,

154 2342 270 2407 Obliquos
280 2345 401 2409 detorquet
409 2362 488 2409 equos,
495 2348 629 2409 laevumque
638 2362 680 2409 per
687 2349 768 2395 orbem
781 2348 828 2404 17⁰

153 2406 242 2455 Fallaui
252 2424 309 2471 gyro
320 2425 429 2473 campum
440 2421 510 2469 secat,
521 2426 556 2468 ac,
568 2411 632 2458 velut
642 2412 697 2466 ales,

152 2470 246 2518 Averso
256 2472 344 2535 rapitur
354 2474 445 2521 sinuata
455 2490 498 2539 per
507 2490 599 2537 aequora
609 2490 685 2522 curru.

153 2532 266 2598 Dumque
277 2551 304 2582 ea
314 2552 338 2584 se
349 2553 379 2585 ex
389 2538 461 2586 oculis
472 2538 554 2594 aufert,
564 2547 643 2601 atque,
654 2554 725 2603 ocyor
730 2540 807 2601 Eure,

155 2596 229 2647 lucita
239 2599 372 2662 pulveream
382 2616 465 2665 campo
475 2602 546 2651 trabit
556 2602 645 2664 ungula
655 2606 753 2664 nubem,
