1875 2917
149 49 199 98 2⁰2
278 47 391 98 sunus
405 43 581 98 muudus
596 45 645 97 xl.
660 45 701 96 63.

150 175 760 242 Ultoremanteoculosuqueorsadsurerepulsa
807 177 842 225 63

150 243 216 306 Ergo
226 243 298 290 electu
306 257 392 290 manus
402 256 482 305 gressu
492 241 537 290 fert
546 241 608 290 dicta
615 242 692 291 citato.

136 310 139 316 ’
150 307 258 354 Antistut
268 308 357 355 cunctis
366 307 498 370 precellens
509 306 602 358 Virrius
611 322 665 364 ore;
808 305 843 354 65

152 371 199 420 Sed
209 387 283 434 genus
292 374 425 430 obscurum,
437 371 545 435 nullique
554 371 632 420 furore
641 370 778 420 secundus:

150 436 202 496 Qui
211 444 336 500 postquem
345 445 405 485 coetu
416 437 515 483 Patrum
525 436 659 500 ingentique
669 445 755 484 senatu

152 501 231 564 Impia
240 501 353 549 dementis
363 501 437 563 vulgi,
448 516 476 548 ac
486 501 526 548 vix
537 509 594 560 tota,
605 500 709 565 profudit

152 564 274 625 concute
285 574 309 614 et
318 565 414 613 tumidis
424 565 526 614 incendit
536 566 631 614 vocibus
640 581 723 622 aures3

150 629 265 678 Concordi
275 630 369 678 fremitu
379 632 517 677 renuentum
528 629 654 679 ffl'unditur
664 645 732 694 aspen
806 629 843 686 7⁰

152 693 215 742 Toto
226 711 239 743 e
249 694 345 743 concilio
356 694 449 742 clanim.
484 694 549 742 Tum
561 694 658 758 quisque
668 695 755 757 fatiget

152 759 305 823 Increpitenq
316 771 446 822 vocumque
456 759 535 806 tremit
542 759 665 807 certamine
676 760 806 822 templum.

184 824 234 872 Hic
245 825 387 887 Torquanrs,
398 839 470 873 erum
480 823 556 871 fronte
567 824 692 886 aequevisse
702 823 784 872 severii

152 887 254 946 Nobilis,
266 892 284 918 “
295 889 366 936 Heu!
385 887 469 950 Caput
479 895 596 951 portantes
607 888 663 936 telin
672 887 745 950 dicta,

151 952 274 1000 Romuleis
284 952 409 1010 durdsfis,”
421 953 463 1011 eit,
476 955 493 980 “
504 952 623 1000 succedere
634 952 714 1010 muris,
803 953 839 1008 75

150 1015 193 1064 Ad
204 1033 262 1080 quos
273 1031 320 1065 non
330 1017 381 1065 ausi
391 1016 507 1079 Carthago
516 1024 587 1080 atque
598 1017 718 1064 Hannibal
729 1032 801 1065 arma

150 1081 208 1128 Post
219 1082 312 1130 Cannas
322 1081 403 1129 afferre
413 1085 485 1130 sues?
508 1082 669 1144 Nunquamne
678 1095 720 1144 pec
730 1097 802 1130 aures

151 1146 172 1193 it
182 1155 276 1206 vestrm,
288 1147 313 1193 in
325 1146 427 1208 Tarpeii
437 1160 492 1194 cum
503 1145 555 1196 sede
566 1145 647 1193 Latini

152 1209 253 1258 Orarent
262 1212 335 1274 peria,
345 1209 410 1257 haud
420 1210 503 1271 verbis,
514 1208 578 1256 haud
588 1225 651 1269 voce,
662 1209 703 1258 sed
712 1209 763 1258 scri

153 1273 295 1339 Propulsum
306 1273 394 1334 dextri,
406 1275 449 1337 qui
458 1283 510 1324 tum
520 1273 631 1322 mandute
642 1277 742 1338 superbo
802 1277 839 1324 uu

153 1338 203 1386 Ore
213 1341 357 1402 apportabat,
369 1347 434 1387 tento
443 1355 486 1404 per
495 1337 578 1386 limina
587 1339 670 1403 templi

154 1403 262 1451 Turbine
270 1403 411 1467 precipitem
421 1403 520 1452 revoluti
530 1403 629 1465 corporis
639 1411 726 1463 ectum,

152 1469 195 1526 Ut,
207 1484 267 1516 saevo
277 1468 375 1516 afflictus
386 1483 452 1526 saxo,
462 1475 579 1530 spectante
589 1468 663 1530 piaret

153 1531 242 1579 Tristia
251 1531 313 1580 dicta
322 1534 391 1592 Jove,
403 1541 426 1580 et
436 1533 510 1580 lueret
521 1533 590 1581 verba
600 1531 673 1596 impie
683 1534 750 1582 leto?

153 1597 201 1655 En,
213 1613 256 1660 ego
265 1598 384 1661 progenies
395 1597 454 1658 ejus,
465 1597 507 1660 qui
517 1595 570 1644 sede
581 1595 695 1646 Tonantis
802 1599 837 1646 66

153 1662 254 1725 Expulit
264 1671 375 1720 orantem,
387 1670 411 1708 ct
420 1661 486 1708 nudi
496 1660 612 1724 Capitolia
621 1663 703 1710 consul

153 1725 265 1774 Defendit
280 1725 540 1774 denud'’·-Rabidum
561 1725 623 1786 hinc,
642 1727 780 1792 palmesque
797 1726 836 1778 vi·

252 1807 332 1838 rorum

155 1856 313 1904 Intentantem
323 1854 404 1914 oculis,
416 1855 566 1919 proavitaque
576 1855 777 1918 resupnum,

155 1921 190 1968 Ut
200 1920 257 1968 vidit
267 1921 355 1981 majore
364 1919 422 1968 adeo
432 1920 563 1968 crudescere
573 1928 648 1980 motu,

153 1984 249 2048 Excipit
258 1985 295 2032 his
305 1983 412 2032 frendens
419 1983 523 2032 Fabius:
537 1985 554 2012 “
564 1985 610 2031 Pro
617 1991 700 2032 uincta
710 1985 833 2047 pudendi!

154 2049 233 2109 Sedes,
244 2065 303 2109 ecce,
314 2047 676 2111 vacatbellividuataprocelld=
801 2049 833 2098 91

155 2114 235 2172 Quem
246 2118 346 2177 (queso)
356 2128 369 2160 e
379 2113 444 2161 vobis
454 2112 510 2160 huic
520 2113 657 2174 imposuisse
667 2113 753 2174 peratis
763 2116 774 2161 l

154 2177 231 2239 Inque
242 2178 320 2225 locum
327 2177 398 2224 Pauli
408 2191 534 2240 quemnam
545 2175 624 2224 datis?
642 2179 684 2224 An
695 2185 743 2236 tue,
752 2178 827 2238 Virri,

154 2239 235 2288 Prima
245 2250 315 2304 etque
325 2248 379 2287 ante
389 2241 446 2288 ulios
456 2255 514 2299 sors,
526 2241 662 2288 concedente
673 2249 763 2301 senatu,

153 2301 190 2349 Te
201 2304 263 2362 citat,
275 2320 302 2351 ac
312 2304 397 2362 nostris
407 2312 485 2368 aequat
493 2305 541 2366 jam
553 2318 658 2366 purpure
666 2304 769 2354 Brutis?
801 2307 836 2355 ut

155 2365 179 2421 I,
191 2365 293 2426 demens,
304 2368 321 2427 i,
334 2382 381 2430 quo
392 2368 483 2415 tendis!
501 2367 544 2415 tibi
554 2367 642 2430 perfida
652 2368 725 2416 fustes

154 2426 203 2473 Det
212 2428 329 2491 Carthago
339 2431 532 2479 suom-Medio
542 2431 631 2478 fervore
640 2432 769 2495 loquentis,

154 2487 283 2563 Impatiens
293 2495 354 2540 ultra
364 2494 454 2555 gemitu
464 2495 570 2545 cohibere
580 2495 691 2556 furorem,

154 2551 279 2646 Fuhuqnei
288 2564 380 2604 torvum
390 2558 507 2608 exclamet
517 2558 645 2608 Marcellus
655 2561 685 2609 ab
695 2560 747 2611 irie
