1875 2917
141 72 188 124 lot
262 72 375 125 ⁸1st
391 72 566 126 Immotis
583 73 617 124 X.
633 73 690 124 tle.

140 201 263 264 Sternitur,
274 212 298 252 et
307 204 390 253 victrix
400 211 449 252 toto
458 203 538 252 fremit
547 203 630 254 Afrioe
638 220 690 254 enm
772 203 830 252 312

141 267 191 315 Hic
202 267 325 316 Picentum
336 270 402 329 ecies,
413 269 453 317 hio
464 269 555 317 Umber
566 269 677 328 Mei-tius,
688 269 694 280 '
715 269 738 317 'c

140 331 224 379 Sicano
233 333 364 396 procumbit
373 335 455 398 pubes,
465 333 506 380 hic
517 333 621 381 Hernico
631 342 715 382 turmo.

142 395 232 444 Passim
243 397 310 460 signa
317 399 402 459 jacent,
414 413 467 461 que
479 397 571 445 Samnis
581 398 686 462 belliger,
697 407 721 447 et
732 413 792 462 qua

139 461 253 508 Sanastes
264 463 353 525 populi,
365 462 498 525 Mersaque
507 462 583 510 tulere
593 462 711 520 eohortem
770 464 827 511 316

141 524 260 573 Transfixi
270 527 353 590 clypei,
365 527 490 590 gelemque,
499 535 523 574 et
532 526 615 574 inutile
625 527 721 586 ferrum,

140 588 271 654 Fractaque
280 591 387 640 oonllietu
397 606 533 655 parmarum
543 591 654 654 tegmina,
666 599 690 638 et
699 607 754 640 ore.

141 653 326 718 Gomipedumd
379 664 404 703 ta
412 655 462 704 fero
470 655 605 718 spumantia
614 656 687 703 frene.

139 719 286 781 Sanguinem
296 728 322 767 tu
349 721 356 732 '
407 720 432 767 in
442 735 537 783 oempos
543 719 648 768 Aufidus
659 719 735 768 undas
768 721 825 768 320

140 782 241 844 Ejeotat,
253 783 373 848 redditque
383 784 462 832 furens
470 798 513 832 sua
521 798 615 848 corpore
622 784 684 848 ripis.

141 847 180 895 Sic
190 848 270 911 hegen
279 849 343 908 retis,
354 858 419 898 vasto
428 849 493 897 velut
503 848 580 897 insula
590 861 662 912 ponto

141 913 278 974 Conspecta,
289 912 355 962 illisit
364 914 463 976 ooopulia
474 913 515 962 ubi
526 913 618 962 nubifer
630 914 717 973 Eurus,

141 975 576 1042 Neufingiumspargensoperitsnetat
591 977 823 1042 jamqueperundas

141 1041 176 1088 Et
184 1049 289 1098 transtra,
301 1051 326 1090 et
335 1043 399 1102 moli,
410 1044 531 1106 lacemque
541 1043 654 1106 aplustria
663 1044 723 1102 velo,
767 1045 822 1090 32⁵

139 1105 179 1152 Ac
188 1105 266 1153 miseri
275 1106 367 1155 fluitent
376 1110 519 1156 revomentes
529 1122 622 1170 equora
632 1121 716 1154 nautae.

172 1169 210 1216 At
220 1171 315 1231 Poenue,
326 1187 368 1235 per
377 1172 448 1234 longa
457 1171 521 1220 diem
532 1170 658 1219 eertamina
668 1171 736 1220 saeris

142 1234 252 1283 Cedibus
261 1251 377 1294 mensus,
388 1246 513 1300 postquam
523 1235 627 1299 eripuere
637 1235 711 1283 finoni

142 1299 262 1362 Insignem
272 1303 372 1349 tenebrae
381 1301 464 1356 luoem,
477 1310 529 1349 tum
539 1300 639 1365 denique
647 1301 752 1348 Martem

142 1363 248 1423 Dimisit,
259 1363 399 1429 tandemque
410 1365 458 1413 suis
468 1364 494 1412 in
505 1364 567 1413 cede
576 1364 684 1429 pepercit.
767 1365 821 1414 330

141 1428 188 1476 Sed
198 1443 265 1477 mens
275 1427 381 1493 invigilat
390 1429 459 1489 ouda,
470 1429 589 1493 noctisque
600 1429 702 1494 quietem

142 1492 211 1541 Ferre
221 1494 311 1558 nequit.
338 1495 457 1552 stimulat,
468 1494 530 1542 (lona
540 1495 600 1541 inter
613 1503 677 1541 tante
688 1493 808 1554 Deomm,

143 1557 271 1618 [Hortatur
282 1558 351 1622 nudi]
363 1568 440 1621 portas
449 1559 548 1606 inminse
560 1558 660 1612 Quirini.

142 1622 254 1670 Proxime
262 1623 305 1670 lux
315 1624 398 1686 placet.
423 1623 488 1670 Hinc
496 1624 585 1671 strictos
591 1624 650 1671 fene
660 1638 731 1687 ocyus
741 1638 819 1683 enses,

142 1687 210 1735 Dum
220 1687 291 1735 fervet
301 1702 375 1746 cruor,
386 1696 411 1735 et
421 1687 521 1750 perfuse
530 1687 592 1736 coede
600 1687 711 1748 cohorter,
767 1689 820 1734 335

142 1751 265 1808 Destinat3
279 1767 306 1799 ao
314 1753 364 1814 jam
372 1753 472 1799 claustra
479 1767 560 1812 manu,
567 1753 617 1813 jam
626 1751 712 1800 nroenia
718 1751 820 1800 flamma

142 1816 257 1880 Oooupat‚
268 1825 292 1863 et
299 1817 378 1879 jungit
388 1816 490 1880 Tarpeia
499 1817 606 1864 inoendio
614 1816 709 1864 Cannis.

173 1881 228 1940 Quo
239 1883 330 1928 turbata
340 1881 383 1929 viri
393 1883 480 1943 eonjux
488 1880 597 1930 Setumia
609 1890 691 1946 ooepto,

142 1945 281 2009 Irerumque
289 1946 308 1993 J
309 1946 358 1993 ovis
368 1945 478 2010 Iaetiique
488 1946 552 1994 haud
561 1945 634 1994 inscia
644 1945 696 2003 fati,

142 2010 268 2057 Iucautum
278 2009 391 2071 ardorem,
402 2019 473 2074 etque
483 2011 562 2059 avidas
572 2009 602 2058 ad
612 2009 680 2058 sutile
690 2019 772 2058 votum

140 2075 200 2136 Spes
208 2074 309 2135 juvenis,
319 2075 409 2122 frenare
418 2084 491 2138 parat.
517 2075 569 2124 Giet
578 2075 633 2123 inde
643 2075 727 2139 quietis
766 2078 817 2127 341

142 2138 289 2199 Regnantem
300 2140 398 2186 tenebris
409 2140 539 2196 Somnum3
574 2155 604 2187 uo
614 2154 676 2201 sepe
685 2140 794 2188 nunistro

142 2201 253 2247 Edomita
262 2202 330 2249 inviti
338 2203 455 2265 oomponit
461 2203 553 2251 lumina
598 2203 645 2250 trie.

142 2263 225 2325 Atque
234 2265 290 2312 huic
299 2265 409 2324 meldens,
422 2267 503 2314 “Non
513 2277 536 2315 te
546 2267 699 2328 majoribus,”
710 2269 734 2314 in
752 2269 800 2329 uir,

143 2329 161 2353 “
168 2327 250 2387 Aesis,
262 2328 332 2386 Divo,
344 2343 414 2377 voooe
432 2344 475 2378 nee
485 2345 562 2394 poseo,
573 2339 601 2378 ut
610 2331 721 2381 mollibus
756 2333 761 2342 '

143 2387 193 2436 Des
203 2391 368 2502 victumdrpihi,
380 2393 475 2454 Somne,
486 2395 578 2443 Jovem.
610 2395 667 2443 Non
682 2397 749 2444 mille
763 2411 822 2460 pre·

240 2469 295 2501 men
312 2455 318 2466 '
769 2461 825 2510 346

142 2515 205 2562 Sunt
215 2517 277 2562 ouili
287 2517 337 2577 tibi,
349 2535 399 2579 nec,
408 2535 518 2584 spemene
528 2530 569 2569 tua
579 2523 685 2584 numine,
697 2531 775 2572 eustos

145 2577 248 2629 Inachia
257 2580 334 2630 multi
343 2584 486 2646 expetendus
495 2594 561 2634 noete
570 2587 682 2646 juvenca.
