1875 2917
186 109 298 162 sunus
315 109 490 162 lunulcua
507 109 579 164 XIV.
598 113 655 169 17⁴.
707 115 758 166 289

37 281 41 288 ,
72 240 219 302 Abnuerim,
230 241 375 306 dignumque
385 219 698 306 iteruminbejorarerolvi,

73 306 166 365 Sicini,
208 306 319 354 rmodios
329 305 394 369 ignee
404 305 672 372 medioequeperenees,
707 308 753 364 175
842 339 848 346 ·

74 373 135 418 Non
146 370 174 418 de
191 371 233 418 erit
243 385 296 418 mee
306 369 387 418 dextra
397 369 486 418 viem.”
518 371 556 421 Sic
566 371 636 432 latur,
647 381 671 420 et
679 373 741 422 ultro

74 435 184 494 Annuit,
195 435 289 499 vitioque
300 444 405 498 exequat
415 450 513 484 munere
522 436 582 484 vitre.

108 501 153 559 At,
165 515 258 562 compos
273 498 352 546 Siculi
362 499 464 563 primum
476 501 605 549 certaminis
615 499 655 549 ort

75 565 162 628 copti,
174 563 302 612 Marcellus
312 563 413 612 victricia
423 563 496 627 signa,
507 566 585 630 quieto

73 630 183 692 Agmine
193 627 347 692 progrediens,
356 628 474 692 Ephyren
483 629 513 678 ad
523 630 609 679 moenia
616 630 691 680 vertit.
703 632 750 681 loo

75 693 140 743 Inde
150 693 280 758 Syracosias
290 693 368 740 castris
378 693 529 742 circumdedit
536 709 606 743 uoco.

74 758 124 808 Sed
134 758 189 806 ferri
198 758 323 820 languebat
333 771 405 805 amor.
437 757 522 807 Sedare
532 759 647 808 monmdo

74 825 175 872 Pectora
185 837 245 870 caca
254 822 338 880 virim,
350 831 420 886 atque
429 822 477 870 iras
486 823 589 884 evellere,
601 825 691 872 avebat.

73 889 130 937 Nec
141 889 251 950 (renuent
261 886 281 933 si
290 885 349 934 forte
359 886 411 944 sibi,
422 894 445 934 et
455 887 476 935 ai
485 887 551 936 mitia
561 887 631 937 malle

72 953 179 1002 Credant
188 966 237 999 esse
247 953 347 1010 metum)
359 950 420 998 lexis
430 961 533 1000 servatur
542 953 628 1002 omissa
703 953 749 1002 185

72 1017 175 1067 Obsidio
185 1015 305 1073 claustris3
321 1015 377 1079 quin
389 1023 468 1063 contn
477 1015 586 1066 intentior
594 1017 645 1081 ipse

73 1081 189 1144 Invigilat
198 1080 279 1139 cantis,
290 1080 389 1128 frontem
400 1079 574 1143 imperterritus,
585 1082 671 1131 umiae

72 1147 111 1196 Et
121 1146 188 1194 struit
198 1143 281 1192 arcani
290 1144 402 1207 necopina
412 1144 515 1208 pericula
524 1146 587 1194 curi.

73 1210 150 1262 Hand
161 1223 225 1258 secut
235 1207 334 1257 Eridani
344 1209 430 1272 stagnis
440 1209 519 1272 ripere
530 1209 622 1274 Caystri

72 1278 171 1324 Innatat
181 1274 248 1322 albus
259 1274 316 1331 olor,
328 1287 447 1349 pronoque
457 1273 577 1323 immobile
585 1289 668 1338 corpus
701 1275 748 1324 190

73 1341 128 1390 Dat
137 1339 216 1400 fluvio,
228 1346 251 1386 et
261 1338 358 1404 pedibus
368 1345 449 1386 tamtan
459 1339 569 1402 eremigat
578 1339 660 1388 undas.

110 1404 209 1460 Interea,
220 1402 277 1450 dum
289 1403 375 1450 incerta
384 1403 448 1450 labat
457 1403 571 1451 sententia
580 1403 671 1464 clausis,

73 1469 156 1522 Exciti
165 1467 247 1533 populi
257 1477 327 1532 atque
337 1469 404 1515 urbes
415 1467 475 1515 socia
485 1483 550 1516 arma
559 1468 677 1516 ferebentc

74 1535 218 1584 Incumbens
229 1531 339 1580 Messana
349 1531 416 1590 freto,
428 1532 599 1596 minimumque
609 1532 701 1582 revulso

74 1599 182 1648 Diecreta
194 1597 272 1654 italiis,
284 1607 354 1660 atque
364 1595 427 1644 Osco
436 1597 593 1644 memorabilis
603 1606 670 1645 ortuo
700 1596 746 1647 195

72 1665 142 1712 Turn
153 1663 248 1722 Catane,
260 1661 360 1708 nimium
371 1660 460 1709 ardenti
470 1660 545 1709 vicina
556 1661 678 1725 Typhiioo,

73 1731 109 1783 Et
119 1727 239 1792 generiam
250 1725 304 1774 Pios
314 1725 432 1789 quondam
443 1724 589 1773 celeberrima
599 1726 699 1788 hauns,

72 1795 117 1854 Et,
129 1793 166 1841 cui
176 1805 224 1839 non
234 1791 328 1839 licitum
339 1789 400 1850 fatis,
413 1789 545 1849 Camarina,
556 1790 650 1838 moveri.

70 1859 150 1918 Tum,
162 1872 215 1921 qne
225 1855 335 1904 nectareis
345 1863 412 1903 vocat
421 1855 451 1903 ad
461 1862 576 1902 certamen
586 1855 725 1918 Hymettum

73 1923 165 1978 Audax
176 1919 266 1984 Hybla,
277 1919 344 1979 favis,
356 1919 510 1995 [palmisque]
521 1921 615 1968 arbusta
625 1920 732 1970 Selinuss

74 1990 117 2048 Et,
127 1987 185 2048 justi
195 1985 312 2048 quondam
323 1987 410 2048 portis,
421 1999 484 2032 nunc
493 1984 560 2033 htore
569 1985 618 2033 solo
698 1987 745 2035 201

71 2051 211 2106 Subsidium
222 2049 321 2098 infidum
331 2049 474 2112 fugientibus
483 2065 583 2114 equora,
596 2050 672 2114 Myle

75 2119 174 2167 Necnon
185 2115 247 2164 altus
258 2113 333 2178 Eryx,
344 2129 432 2162 neonon
444 2122 467 2162 et
477 2114 560 2162 vertice
570 2115 630 2162 celso

71 2182 217 2246 Centuripae,
228 2181 338 2242 largoque
349 2181 423 2227 virens
433 2177 529 2227 Entella
538 2177 620 2242 Lyceo,

72 2248 177 2304 Entella,
191 2245 305 2293 Hectoreo
314 2243 424 2292 dilecbnn
435 2258 520 2292 nomen
530 2243 630 2292 Acesta.
698 2245 747 2292 2⁰6

71 2314 129 2364 Non
141 2311 256 2374 Thapsos,
266 2323 313 2356 non
324 2324 337 2356 e
349 2309 444 2356 tumulis
454 2307 589 2372 glacialibus
599 2308 669 2356 Acrae

72 2378 221 2426 Defueruntr
238 2374 351 2438 Agyrena
362 2388 454 2431 manus,
465 2373 605 2436 geminoque
615 2372 709 2422 boone

70 2441 190 2506 Tyndaris
200 2439 307 2488 attollens
317 2453 366 2504 sese
375 2437 458 2486 affluit.
490 2437 560 2485 Alter
569 2451 683 2500 equorum

71 2507 144 2564 Mille
154 2505 214 2568 rapit
223 2513 335 2560 turmam,
346 2513 416 2566 atque
426 2501 555 2550 hinnitibus
564 2501 618 2550 a'e‘ra
628 2503 740 2564 flammat,

75 2572 215 2621 Pulveream
226 2570 320 2618 volvens
330 2567 438 2632 Agragas
448 2567 479 2615 ad
489 2567 672 2619 inanianubern.
699 2568 749 2616 210

105 2637 197 2685 Ductor
207 2633 329 2698 Grosphus
339 2641 396 2693 eret,
407 2632 475 2693 cujus
485 2631 669 2744 celata2gergbet
711 2645 715 2657 ¹

584 2711 602 2745 Δ
