1875 2917
232 75 343 127 siclus
359 75 534 128 Innnlcua
552 75 591 134 11.
608 75 663 133 176.
751 77 785 125 26

105 204 243 254 Adversum
252 208 300 255 lata
309 205 406 257 stridens
415 214 467 255 rota
477 206 572 270 proterit
581 220 683 270 agmen3
737 205 784 261 17⁶

107 270 200 333 Ingerit
211 281 234 319 et
244 274 332 319 crebras
343 272 408 335 virgo
419 270 586 335 trepidantibus
595 272 681 320 hastan
751 309 754 315 .

107 334 159 382 Hic
170 336 272 383 cecidere
279 336 364 399 Lycus,
374 335 554 399 Thamyrisque,
565 345 590 384 et
598 336 676 384 nobile
682 348 767 383 nomen

107 399 266 463 Eurydamas,
278 400 334 448 dari
345 398 472 449 deductum
482 401 554 463 stirpe
562 400 672 464 parentio

107 464 167 522 Qui,
178 464 292 513 thalamos
301 480 371 513 ausus
381 464 499 529 quondam
509 479 600 528 sperare
610 466 729 528 superbos,

107 528 179 592 (Heu
194 528 318 611 demensi)
339 529 461 594 Ithacique
474 537 567 577 torum:
590 528 632 577 sed
649 528 720 585 enim,
736 536 785 577 arte

205 594 299 657 pudica,
737 592 783 641 1110

107 658 209 706 Faliscis
220 657 286 707 toties
295 658 399 707 revoluto
409 658 507 707 stamine
515 659 567 707 telae

107 722 235 785 Deceptus,
247 738 350 771 mersum
360 723 444 787 pelago
452 723 551 784 jrettrat
561 723 686 786 Ulynemr

107 786 156 833 Ast
168 787 263 834 Ithacus
274 803 333 845 vero,
344 788 398 836 ficta
408 802 451 850 pro
461 797 543 846 morte,
554 788 676 852 loquacem

106 850 195 899 Affecit
202 852 264 908 leto3
280 853 391 915 undaque
400 852 430 899 ad
441 852 522 900 funera
532 868 611 901 ruse.

107 916 173 963 Gens
183 926 286 964 extrema
296 917 338 965 viri
349 917 437 979 campis
446 916 536 965 telem
546 916 629 973 Iberis,
735 916 781 965 185

107 980 264 1043 Eurydamas,
276 981 396 1029 Nomados
406 980 503 1037 ἀεικής
521 979 694 1044 superinstrepit
703 987 761 1037 ater,

107 1044 142 1091 Et
153 1056 227 1093 servat
237 1060 331 1093 crucum
341 1045 458 1109 perfractis
468 1045 564 1100 ossibus,
575 1046 632 1093 aris.

140 1110 244 1173 Jamque
254 1108 333 1159 edunt
347 1124 452 1159 remeam
468 1110 542 1173 virgo,
555 1110 615 1158 inter
623 1108 705 1174 prniic
719 1117 784 1174 post·

221 1190 277 1222 uam
401 1207 406 1219 .

107 1190 223 1302 Distringi
233 1238 342 1288 Therona
352 1239 421 1295 videt,
431 1254 562 1304 seramque
571 1239 696 1303 bipennem

107 1302 241 1369 Perlibrans
251 1304 333 1352 medita
342 1304 421 1362 fronti,
432 1304 532 1368 spolium
542 1303 597 1352 inde
607 1305 742 1367 superbum,

107 1366 281 1431 Herculeasque
291 1369 334 1417 tibi
344 1369 446 1425 exuviaa,
457 1368 584 1433 Dictynna,
593 1370 696 1419 vonebst
737 1367 780 1415 191

106 1431 160 1479 Nec
171 1432 252 1495 segnis,
266 1434 361 1481 Theron
371 1441 442 1481 tanta
452 1448 494 1495 spe
503 1433 579 1481 iauffis
588 1433 613 1480 in
624 1434 687 1497 ipsos

106 1495 228 1544 Adversus
238 1498 353 1561 consurgit
363 1514 442 1561 equos,
454 1496 581 1561 villosaque
590 1497 649 1545 fulvi

108 1560 198 1623 Ingerit
208 1562 324 1623 objectans
334 1562 502 1626 trepidantibus
511 1577 552 1610 ora
560 1562 640 1611 ieonis.

108 1624 213 1673 Attoniti
223 1634 307 1675 terrore
316 1642 376 1674 novo
387 1627 492 1691 rictuque
501 1628 597 1685 minaci,
736 1626 782 1674 lot

108 1688 278 1751 Quadrupedes
286 1692 373 1752 jactant
383 1692 490 1755 resupino
500 1692 601 1753 pondere
607 1706 711 1740 onnon.

109 1753 175 1801 Turn
186 1755 247 1802 saltu
254 1755 363 1819 Asbyten
373 1765 494 1803 conantem
504 1756 608 1819 linquere
617 1772 708 1820 pugnas

108 1818 224 1881 Occupat,
235 1819 327 1868 incussit
337 1820 430 1883 gemina
441 1820 501 1868 inter
509 1830 614 1883 tempora
624 1821 703 1877 cinvi3

109 1883 279 1947 Ferventesque
289 1894 350 1931 rotas
359 1887 497 1947 turbataque
507 1885 572 1933 irena
582 1900 674 1949 pavore,

108 1946 214 2008 Disjecto
224 1948 311 2011 spargit
320 1949 399 1997 collisa
409 1965 449 2013 per
459 1965 511 1997 ossa
520 1952 627 2007 oerebr03
734 1951 781 1997 200

107 2012 146 2059 Ac
156 2012 223 2075 rapta
233 2028 359 2077 properans
369 2014 455 2061 cadem
465 2022 578 2062 ostentare
588 2014 691 2079 bipenni,

103 2078 227 2139 'Amputat
237 2093 250 2125 e
260 2093 328 2125 curru
339 2079 448 2126 revoluta
458 2079 553 2142 virginis
563 2094 611 2127 ora.
633 2115 637 2121 .

108 2141 217 2189 Neo'dum
228 2142 269 2189 irae
280 2143 374 2204 positar
392 2143 452 2191 celsi
463 2159 519 2190 nam
529 2142 609 2204 figitur
618 2142 687 2190 hasti

107 2205 266 2267 Spectandum
275 2216 360 2269 caput3
378 2207 403 2253 id
413 2216 503 2270 gestent
511 2215 565 2254 ante
572 2207 783 2269 agminaPoendm‚

108 2269 222 2333 Imperat,
234 2280 257 2319 et
267 2287 362 2335 propere
373 2286 453 2319 currus
464 2272 495 2319 ad
504 2272 589 2319 moenia
599 2281 696 2319 entant.
736 2274 784 2320 205

145 2334 213 2394 fleo,
225 2350 297 2383 cacus
307 2336 358 2393 fati,
370 2336 506 2399 vivumque
516 2338 615 2383 abeunte
624 2336 710 2395 favore,

98 2398 192 2447 ‘Vicino
203 2400 298 2449 Theron
308 2400 390 2449 edebat
399 2400 480 2463 proelia
489 2400 544 2449 leto·

107 2464 219 2526 Namque
229 2464 316 2523 adera,
327 2473 376 2513 toto
391 2480 430 2512 ore
443 2464 520 2512 ferens
535 2464 641 2529 iramque
655 2465 784 2527 minasque,

108 2528 239 2589 Hannibal,
252 2538 275 2577 et
286 2544 367 2577 caeam
380 2529 500 2591 Asbyten·
508 2529 596 2593 tircique
606 2541 720 2593 tropeum

106 2590 236 2641 Infandum
247 2593 337 2657 capitis,
348 2592 435 2641 furiati
443 2602 521 2643 mente
532 2594 631 2643 dolebat
736 2593 786 2639 210

142 2670 207 2706 vot..
223 2671 242 2705 1.
637 2671 656 2705 n
