1875 2917
170 69 202 117 02
298 68 409 119 sunus
424 67 600 117 ITALIGUS.
617 66 663 115 IV.
678 67 718 113 ot.

169 196 387 261 Amphitryoniadae
396 196 466 245 fuerit
476 196 548 251 labor.
560 196 606 244 tae
615 192 659 243 sub
669 193 741 242 armis

171 261 296 309 Poenorum
302 271 402 318 turmam
415 260 571 325 equitemque,
577 259 698 323 perardua
704 266 808 318 vectum,
817 261 849 307 65

171 325 298 374 Insultisse
305 327 370 388 jugo,
382 335 406 374 et
415 325 535 373 fremuime
544 324 674 372 hinnitibus
680 323 783 386 Alpem

204 390 299 449 Contra
310 390 407 455 pulchra
416 404 470 438 suos
481 400 547 439 rotat
555 389 586 436 ad
596 387 729 436 mmmina
739 388 847 435 Consule

171 454 190 482 ‘⁴
202 453 309 514 Hosten,
324 454 399 514 miles,
414 455 485 502 habes
500 454 600 502 fraemm
614 454 799 515 ambustumque
813 453 850 500 ni·

267 532 327 567 voirs

171 580 292 644 Cautibus,
304 591 374 647 atque
384 598 443 646 segre
453 583 568 647 torpentia
577 583 682 630 mernbra
692 580 832 629 trahentem.

170 646 210 693 En
221 662 272 709 age,
283 648 325 711 qui
335 662 409 695 saeros
420 656 519 705 montes,
529 662 645 721 rupesque
653 644 780 709 profundas
815 646 847 700 70

170 710 309 769 Transiluit,
318 712 398 765 discat,
408 720 496 775 quanto
506 719 551 759 stat
561 712 643 759 celsius
654 725 705 757 aree

171 774 287 823 Herculei
298 776 402 832 vallum3
419 783 451 834 et,
462 776 540 836 majus
550 775 588 833 ait,
599 774 707 823 seandere
717 774 798 834 eolles,

169 842 212 886 An
223 849 307 887 vestros
318 839 406 903 rupisse
416 840 504 903 globos.
539 839 588 887 Det
596 838 676 886 inania
685 839 770 895 famam

171 901 247 962 Dum,
258 904 404 967 magnbfuso
414 905 504 968 pugni,
514 911 621 967 retroque
629 902 715 962 ruenti,

170 966 226 1027 Qui
236 976 332 1017 ventum
347 976 389 1030 est,
404 970 496 1017 obstent
505 968 588 1031 Alpes.
620 967 695 1031 Super
704 965 779 1015 ardua
788 967 846 1015 duc·

267 1040 319 1081 tum
423 1056 427 1063 ,
813 1034 845 1089 75

171 1094 227 1145 Huc
238 1098 304 1159 egere
314 1096 367 1153 Dei,
379 1096 459 1147 Latios
469 1105 498 1145 ut
507 1098 620 1160 sanguine
630 1096 688 1143 fines

170 1160 298 1222 Imbueret,
309 1162 424 1225 tellusque
434 1161 524 1209 hostilis
533 1161 640 1210 maderet
650 1176 707 1209 ossa

170 1224 233 1273 Scire
243 1226 307 1286 libet,
318 1240 379 1275 nova
388 1240 451 1275 nunc
461 1225 527 1274 nobis
536 1234 607 1288 atque
617 1225 689 1272 altera
697 1224 788 1273 beilum

170 1289 294 1365 Carthago,
301 1305 361 1339 anne
367 1290 447 1339 eadem
455 1289 542 1347 mittat,
549 1306 611 1353 qua,
619 1305 694 1375 mersa
702 1291 746 1337 sub
754 1304 844 1352 aequor,

170 1353 267 1466 AEiiffi
272 1356 672 1483 “qipqqqpffioqriqqippqqq
681 1417 712 1465 au
722 1417 805 1467 unua.
812 1355 846 1401 ⁸⁰

170 1481 286 1530 Coerulma
296 1482 394 1531 Ticinus
404 1498 484 1547 aquas,
495 1492 519 1531 et
528 1491 610 1545 stagna
619 1482 704 1530 vadoso

171 1546 309 1609 Perspiouus
318 1556 394 1595 servm
403 1547 492 1597 turbari
502 1547 578 1595 nesoia
587 1546 670 1606 fundo,

169 1609 209 1658 Ac
218 1610 318 1659 nitidum
328 1610 396 1659 viridi
405 1612 467 1660 lente
477 1611 548 1659 trahit
557 1626 626 1659 amne
635 1611 756 1674 liquorern.

169 1673 220 1722 Vix
231 1674 380 1733 eredaslabis
398 1676 454 1740 ripis
465 1684 515 1723 tam
524 1675 588 1722 mitis
598 1678 683 1738 opacis,
811 1678 843 1723 85

169 1739 275 1802 Argutos
284 1740 344 1788 inter
354 1740 475 1791 voluerum
484 1741 607 1787 sartamine
616 1748 705 1797 tantus,

170 1804 324 1852 somniferam
335 1804 399 1853 ducit
408 1805 495 1853 lucerui
504 1804 596 1868 gurgite
605 1804 736 1867 lympham.

169 1868 281 1931 Jamque,
291 1871 334 1916 sub
345 1877 475 1918 exuemum
486 1868 558 1917 noetis
568 1867 711 1930 fugientibus
720 1868 820 1926 umbris,

170 1931 226 1980 laux
236 1932 323 1991 aderat,
335 1933 482 1997 Somnusque
492 1947 546 1981 suas
556 1932 683 1981 eonfeeerat
693 1932 768 1980 boras.

169 1997 298 2061 Explorare
308 1998 369 2047 locos
379 1998 476 2058 Consul,
487 1997 597 2059 collisque
607 1995 733 2060 propinqui
812 1998 845 2045 90

169 2061 304 2124 ingenium,
316 2070 339 2111 et
349 2062 436 2127 campis
447 2078 501 2126 qua
511 2062 541 2110 sit
550 2068 642 2120 natmu,
653 2062 756 2124 parabat

169 2125 217 2172 Par
227 2126 330 2173 studium
342 2126 423 2185 Poeno,
434 2126 566 2189 similesque
575 2126 601 2173 in
611 2136 701 2188 pectere
710 2140 780 2174 eura.

169 2190 234 2253 Ergo
244 2190 347 2251 aderam,
359 2191 445 2254 rapidis
455 2191 562 2255 equitum
571 2190 733 2238 eomitantibus
743 2190 795 2237 alis.

202 2254 300 2315 Verum,
313 2255 355 2302 ubi
364 2264 480 2304 commoto
489 2255 617 2303 docuerunt
627 2254 722 2319 pulvere
729 2256 811 2312 nubes,

169 2318 270 2366 Hostem
280 2319 338 2367 ferre
347 2320 455 2382 gradum,
464 2329 488 2368 et
498 2319 593 2383 propius
602 2318 743 2382 propiusque
752 2333 834 2366 sonoro

169 2381 356 2445 Quadrupedum
366 2398 437 2432 cornu
447 2384 516 2432 tellus
526 2384 607 2446 gemit,
618 2398 646 2430 aa
655 2382 725 2429 simru
735 2398 788 2430 aem
811 2385 843 2431 96

169 2444 310 2492 Vincentem
321 2446 391 2495 limos
400 2448 506 2495 hinnitus
516 2447 580 2495 savit
589 2462 701 2509 equorum
709 2462 717 2501 ς

171 2512 188 2535 “
200 2508 283 2563 Arma,
299 2509 350 2566 viri,
364 2513 437 2574 rapite
451 2528 525 2572 arma,
541 2511 583 2559 viri
593 2512 621 2559 !'’
639 2512 688 2558 dur
701 2510 772 2557 instat
782 2519 843 2558 uter-

265 2588 318 2635 que.
