1875 2917
139 86 171 131 44
262 82 632 135 s1n1Us1nnnlcUs.111.
651 82 706 130 141.

137 212 203 259 Ante
212 214 304 271 oculos3
321 214 465 277 brevitasque
474 222 536 263 vetat
546 212 662 261 mutabilia
671 211 734 259 horae
764 210 813 257 l4l

140 275 256 325 Prolatare
266 278 335 326 diem.
362 279 497 339 suumne,
508 287 536 327 ut
543 277 631 326 noverit
641 291 689 324 una

141 339 184 387 Me
194 348 286 389 tantum
297 342 429 405 Carthago?
446 352 477 403 et,
489 343 531 407 qui
541 341 692 401 aim„nasoiat
702 338 781 386 omnia

139 404 203 451 Gens
208 405 345 455 hominum?
356 406 442 470 letique
448 416 513 455 metu
519 407 600 455 deeora
606 404 717 453 nitarelin
733 406 813 450 uam?

139 467 262 525 Quantum
272 472 356 518 etenim
368 471 453 519 dietam
463 488 478 519 a
487 479 561 518 morte
571 470 661 517 silentia
671 468 724 515 vite
764 468 814 513 145

140 532 190 579 Neo
201 542 278 581 tamen
288 534 391 583 incautos
400 536 498 583 laudum
509 536 640 583 exhorraeee
649 533 752 580 fumiae:

141 594 173 641 Et
183 598 249 645 nobis
258 607 292 646 est
299 599 357 647 lucis
367 599 454 655 honos;
469 599 600 662 gaudetque
607 594 697 645 senecti

140 659 229 720 Gloria,
241 677 294 710 oum
305 664 375 725 longo
386 664 459 711 titulis
467 664 594 712 celebratur
604 663 629 709 in
641 676 698 709 aevo.

141 724 178 771 'l'e
189 740 281 788 quoqne
292 743 377 789 magne
387 739 482 775 manent
493 726 591 789 suscepti
601 725 697 790 premia
706 722 779 771 bellit

140 787 205 835 Dent
215 790 285 837 modo
293 807 317 839 se
327 791 418 854 Superi,
427 791 508 839 Tibris
518 791 561 839 tibi
569 790 650 838 serviet
661 788 746 846 omnia,
764 788 814 835 15⁰

141 852 265 917 Iliacaeque
275 869 355 910 nurus,
367 864 389 902 et
399 856 462 903 dives
473 855 597 903 Dardanus
607 854 682 901 auri.’‘

171 916 284 980 Dumque
294 934 321 966 ea
331 918 451 983 permixtis
461 920 521 966 inter
530 934 555 967 ae
565 918 657 966 fletibus
666 923 742 975 orant,

140 980 248 1029 Confisus
258 984 340 1046 pelago
351 983 410 1030 celsi
418 982 447 1029 de
454 999 533 1047 puppe
542 983 652 1046 magister

140 1045 293 1095 Cunctantem
304 1047 362 1095 ciet:
379 1046 492 1110 abripitur
501 1047 591 1095 dividua
600 1045 692 1094 marito.

141 1108 238 1157 Haerent
248 1110 330 1157 intenti
340 1112 426 1169 vultus,
440 1120 463 1158 et
473 1110 541 1159 litora
550 1119 649 1169 servant,
766 1110 816 1156 155

141 1172 230 1233 Donec,
242 1175 286 1223 iter
295 1174 410 1239 liquidum
420 1175 508 1223 volucri
517 1175 619 1239 rapiente
629 1173 715 1232 earini,

141 1237 276 1286 Gonnumsit
286 1240 347 1287 visus
357 1248 450 1302 pontus,
461 1240 575 1303 tellusque
585 1238 683 1286 reoeasit.

173 1302 209 1349 At
220 1304 305 1351 Poenua
315 1304 371 1351 belli
381 1303 442 1351 curis
451 1311 551 1351 avertere
561 1317 663 1351 amorem

141 1365 257 1428 Apparet,
269 1376 292 1415 et
301 1367 383 1431 repetit
394 1375 514 1430 properato
524 1367 610 1415 moenia
620 1382 707 1429 gressu.

142 1430 204 1487 Quae
214 1430 271 1478 dum
281 1432 404 1493 perlustrat
413 1432 464 1479 oreb
507 1447 538 1478 ue
547 1432 596 1479 obit
605 1430 684 1477 omnia
693 1429 754 1490 vim,
768 1429 816 1477 160

143 1492 250 1541 Tandem
261 1495 356 1543 sollicito
367 1496 433 1543 cessit
443 1495 478 1543 vis
505 1511 546 1542 ura
556 1494 638 1551 labori,

142 1556 328 1622 Belligeramque
338 1560 407 1607 datur
417 1574 499 1607 somno
508 1573 644 1623 oomponere
653 1566 764 1606 mentem.

174 1621 239 1669 Tum
252 1624 321 1670 Pater
330 1623 474 1686 omnipotens
484 1631 576 1685 gentem
587 1638 690 1670 exercere
699 1622 791 1686 periclis

143 1684 294 1746 Dardaniam,
303 1696 327 1734 et
336 1687 400 1735 femie
407 1702 519 1735 aevorum
530 1687 610 1735 tollere
619 1685 649 1734 ad
656 1697 718 1734 asna

143 1750 263 1798 Bellorum
274 1752 396 1809 meditans,
406 1751 539 1814 prisoosque
549 1750 631 1798 referre
640 1751 738 1811 lebona,
768 1750 817 1798 165

143 1814 276 1878 Praeoipitat
288 1809 452 1872 oonsulta'viri‚
466 1830 605 1889 segnenque
615 1814 717 1878 quietem

142 1878 232 1937 Terret,
244 1888 267 1927 et
273 1879 378 1927 immissi
387 1879 476 1943 rumpit
485 1879 607 1926 formidine
617 1894 717 1926 somnos.

143 1942 246 2005 Jamque
256 1960 298 2007 per
307 1944 442 1991 humentem
451 1942 522 1991 noctis
530 1942 649 2005 Cyllenius
659 1944 768 1991 umbram

143 2007 240 2070 Aligero
249 2009 317 2072 lapsu
325 2010 431 2071 portabat
439 2008 504 2067 jussa
513 2007 622 2069 parentis.

144 2071 196 2119 Neo
206 2088 285 2121 mora:
303 2073 443 2120 mulcentem
454 2086 532 2119 securo
542 2073 646 2118 membra
656 2086 737 2134 sopore
770 2071 819 2128 170

145 2134 768 2261 tinnienti
801 2223 809 2237 .

146 2260 170 2308 o
181 2271 253 2309 rectos
264 2264 361 2326 noyn!
380 2264 444 2327 vigili
455 2232 735 2325 sentientium)

145 2325 202 2371 Jam
214 2328 287 2373 meria
297 2328 379 2375 effusas
389 2342 466 2375 cemes
478 2329 569 2374 turbere
580 2325 677 2385 minas,

146 2389 180 2434 Et
188 2388 280 2435 lutiam
291 2399 339 2437 toto
347 2392 433 2454 pubem
444 2386 539 2439 volitare
549 2388 672 2453 profundo,
772 2390 819 2444 175

147 2451 223 2509 Dum,
234 2452 310 2499 lentus
321 2455 396 2516 coepti,
408 2454 467 2502 terri
477 2453 590 2502 cunctaris
601 2452 677 2499 Iberi.

147 2514 238 2561 Scilicet
247 2515 272 2562 id
280 2518 334 2563 satis
344 2527 378 2564 est
387 2518 474 2566 denonis
484 2515 679 2579 memorandaque
689 2514 770 2573 virtus,

147 2578 218 2637 Quod
228 2586 292 2629 tanto
302 2580 382 2629 cecidit
392 2582 510 2630 molimine
521 2580 593 2629 Graia
603 2580 737 2642 Saguntos?
