1875 2917
255 75 366 127 sums
381 75 555 128 lnnmcus„
570 76 604 126 X.
621 75 677 125 888.
757 72 804 123 lte

134 203 231 253 Pectora
242 204 359 255 Romuleo
368 221 446 270 regno.
473 205 606 255 Calcaribus
617 204 691 263 aufer,
755 202 804 250 280

134 267 191 328 Qut
201 271 288 385 vullqubq
294 271 415 335 permittit,
425 285 512 334 equum
521 289 529 332 3
544 279 614 335 atque
623 269 679 318 hine
686 281 805 332 ocyus.....

254 351 266 382 r
281 351 302 384 rs

132 397 278 447 Ghndmtur
287 407 367 464 porta.
394 400 458 448 Ruet
467 398 518 447 hsee
525 399 556 447 ad
566 398 651 447 moenia
660 395 739 460 pestis.

131 461 187 523 Dic,
200 463 263 539 (oro)
273 479 351 513 rerum
362 464 436 512 Fabio
446 464 567 512 nudantur
577 463 679 511 habene.

132 527 226 576 Nostrrs
235 529 348 593 pugnavit
357 528 451 576 monitis
460 528 533 576 furor·
565 527 677 591 Amplius
687 524 740 576 acte

132 590 199 650 Quid
209 605 311 658 cupam
321 592 378 652 vict,
388 593 434 641 nisi
444 608 509 641 caen
519 591 637 644 ostendere
646 591 710 654 plebi
757 590 805 637 288

134 655 237 704 Paulum
248 657 305 706 scire
314 657 390 705 mori?
404 657 475 705 Feror
485 671 515 705 an
528 664 662 706 consumtus
673 655 698 702 in
710 655 799 703 Urbem

133 719 295 770 Vulneribus?
311 719 430 782 Quantine
448 731 539 770 erutum
557 720 613 770 velit
631 719 761 780 Hannibal,
778 725 806 766 ut

229 801 272 834 noa
426 815 431 823 ·

132 851 256 900 vertentes
266 861 330 914 terga
340 850 469 916 adspiciat?
487 851 539 899 Nec
549 849 604 898 talia
615 848 691 897 Paulo

133 915 238 975 Pectora,
250 930 292 964 nee
302 915 388 963 Manca
397 925 445 963 tem
455 931 528 980 parva
537 914 650 962 intramus
660 913 745 975 imago.
756 912 805 962 288

134 978 786 1044 Illeego....Scdvaaoquideuimtedemcrcrager,

133 1043 241 1104 Lentule,
253 1047 399 1109 conquestu?
416 1045 499 1108 Perge,
510 1051 580 1107 atque
590 1041 645 1090 hinc
655 1040 749 1105 cuspide
759 1040 806 1089 see·

133 1171 207 1237 Eripe
217 1123 389 1298 quedem
399 1170 621 1238 propere.”-'l'um
631 1169 746 1218 humor
757 1168 806 1218 Ur·

133 1301 226 1366 Magna
235 1302 309 1350 ferens
319 1301 436 1363 mandata,
448 1302 521 1378 petite
538 1316 580 1350 nee
591 1299 680 1348 Paulus
693 1298 804 1359 inultum,

132 1366 206 1426 Quod
216 1374 318 1430 superest
329 1366 358 1414 de
367 1366 427 1426 lnce,
439 1366 501 1415 unit.
528 1365 578 1414 Ceu
589 1365 684 1414 vulnere
694 1363 759 1428 tigris

133 1431 237 1480 laetifero
246 1430 328 1479 cadurs
338 1431 441 1491 taudem,
451 1431 599 1495 projectaque
609 1444 699 1504 corpus,
755 1429 803 1478 898

132 1495 248 1544 Lucum:
257 1495 335 1554 mord,
346 1504 370 1543 er
379 1495 528 1558 torquentem
538 1493 620 1558 pandit
629 1494 720 1542 hurum

132 1561 164 1608 In
175 1575 246 1608 vanos
256 1575 359 1607 morans:
376 1574 418 1607 nee
428 1559 593 1608 uifficientibua
603 1559 644 1606 irre

132 1624 232 1685 Ictibus,
244 1624 348 1672 extremis
356 1624 440 1672 lambit
450 1624 564 1672 venabula
573 1623 662 1685 lingue.

97 1709 106 1714 ·
165 1690 269 1752 Jamque
278 1688 406 1736 coruscanti
414 1689 497 1748 telum,
507 1687 648 1752 propiusque
658 1685 740 1735 ferenti

135 1753 247 1801 Gressum
259 1752 421 1812 exsrrltantem⁹
432 1761 455 1800 et
466 1767 545 1800 secoro
556 1750 623 1799 eredis
635 1751 703 1800 Iertsr
757 1749 807 1799 888

131 1818 191 1866 Non
202 1825 358 1881 exspectatum
368 1832 464 1880 surgens
474 1816 584 1864 defixerat
594 1829 687 1871 ensemr

132 1881 303 1945 Sidoniumque
313 1881 396 1929 ducem
406 1881 616 1944 circumspectabat,
628 1879 652 1927 in
663 1879 706 1928 ille

130 1945 254 2010 Exoptans
263 1944 366 1993 animam
376 1954 503 1994 certantem
511 1959 596 2008 ponere
605 1944 695 1992 dextra

132 2010 181 2059 Sed
189 2009 263 2058 uicere
273 2010 350 2058 virum
360 2011 498 2058 coenonous
507 2009 610 2072 undique
620 2007 671 2056 telis

130 2075 166 2124 Et
180 2075 280 2186 Mffi'
298 2083 321 2122 et
338 2075 460 2135 Garamas,
479 2083 503 2124 et
518 2073 600 2132 Celtae,
615 2081 639 2122 et
656 2073 765 2132 Maurus,
782 2080 806 2121 et

268 2148 312 2186 tur.
756 2138 805 2186 305

129 2203 179 2252 Hie
189 2203 242 2251 fluis
251 2203 333 2252 Paulo.
360 2205 429 2253 Jacet
439 2205 514 2252 altum
525 2211 605 2266 peetus
616 2211 639 2251 et
649 2202 731 2266 ingens

132 2267 243 2327 Dextera,
256 2283 334 2332 quem,
348 2268 391 2315 soli
402 2269 422 2316 si
431 2269 493 2316 bella
503 2267 612 2331 agitanda
622 2267 739 2329 darentur,

135 2333 166 2380 AE
184 2348 251 2381 nares
260 2333 336 2380 forsan
347 2333 428 2381 Fabio
456 2334 525 2381 Mors
534 2332 627 2380 additur
637 2333 698 2380 Urbi

135 2395 156 2443 P
247 2396 325 2456 decus,
335 2397 446 2460 misitque
455 2397 499 2445 viri
509 2397 569 2444 inter
579 2395 652 2444 sidera
662 2411 754 2446 nomen.

165 2460 294 2525 Postquam
305 2477 357 2526 spes
368 2461 456 2509 Italtm
466 2469 601 2524 mentesque
610 2461 636 2508 in
644 2459 746 2512 Consule
755 2461 807 2525 lap.

131 2588 182 2639 Ceu
192 2598 289 2642 trtineua
298 2590 388 2656 capitis,
400 2589 468 2640 aeris
478 2589 590 2640 crunnus
600 2589 670 2640 armis
