1875 2917
188 66 309 120 sunus
323 40 501 120 rmm'cus
516 66 645 118 xvncc
708 65 761 114 scs

83 192 220 262 Increpnits
236 197 331 248 uncus
341 198 396 248 teris
405 197 543 246 cumanum
553 205 621 246 asna
725 195 758 244 so

82 262 243 310 Concurruntr
261 272 422 327 quantumque
432 263 493 327 rapit
503 261 613 310 violentia
622 258 699 325 ponti,

79 324 115 372 Es
126 327 211 386 Notus,
221 335 245 376 et
256 329 351 386 Boreas,
362 337 386 375 et
395 325 542 376 inmcmbilis
550 326 649 385 Auster,

82 391 144 438 Cum
155 399 264 454 mergunt
273 393 353 455 plenas
364 391 490 439 tumefacta
500 393 543 438 sub
554 405 648 454 sequora
658 389 739 437 classes
745 405 756 446 ς

80 454 134 502 Aut
145 471 198 503 cum
209 455 308 504 letiferos
318 455 443 504 accendens
454 455 528 504 Sirius
538 454 612 517 ignes,

82 519 166 568 Torret
175 520 322 568 anhelantem
333 520 399 568 saevis
408 519 528 569 ardoribus
538 520 633 574 orbem
708 517 757 565 100

79 583 186 631 Tantum
196 583 256 632 acies
266 584 434 647 hominumque
445 584 510 632 ferox
520 582 633 630 discordia
643 581 705 629 ferro

80 646 194 696 Demetit
227 647 301 697 Haud
311 649 375 696 ullus
385 657 497 696 oerrarum
508 647 606 711 acquirit
615 647 693 694 hictus

81 711 220 774 Pugnarum
228 713 330 760 damnas
343 712 406 760 haud
417 722 503 775 strages
512 711 676 776 periuhospita
683 711 758 758 lustra

80 776 195 840 Unquam
205 786 240 825 tot
251 777 337 825 dederit
348 777 421 824 rabies
431 777 546 824 horrenda
555 776 664 824 ferorum.

78 839 137 890 Jsm
148 842 224 906 campi
234 842 351 906 vallesque
360 842 464 900 madent,
476 842 628 904 hebetataque
638 839 700 888 telas

79 907 116 954 Et
126 905 200 970 Libys
209 908 336 955 occubuire
349 917 372 954 et
382 914 485 954 mantas
495 905 581 954 Martis
592 904 663 953 iberi
708 903 757 952 loo

80 972 134 1018 Stat
144 979 222 1019 tamen
232 985 280 1018 una
289 971 340 1019 loco
349 970 456 1034 perfossis
465 969 550 1019 debilis
560 969 638 1028 armis,
666 976 669 983 ’

78 1034 242 1099 Luctaturque
251 1035 318 1093 scies,
330 1035 378 1099 qui
388 1035 489 1083 concutit
497 1033 631 1082 Hasdrubal
642 1032 743 1082 hastam

79 1099 107 1147 N
109 1113 134 1146 ec
144 1099 214 1146 finem
225 1099 289 1146 daret
299 1099 339 1146 ille
349 1098 397 1147 dies
408 1099 557 1162 animumque
566 1097 648 1160 virtus,

79 1163 117 1211 Ni
127 1163 232 1227 perlapsa
243 1164 292 1212 viro
302 1163 377 1211 lorica
388 1163 490 1226 tegmine
499 1163 597 1221 arundo,
707 1160 758 1210 lli)

78 1227 116 1276 Et
125 1243 194 1290 perco
204 1243 323 1276 summum
334 1228 441 1276 violtsset
451 1227 547 1275 uulnere
556 1240 647 1290 corpus,

80 1292 240 1356 Suasissetque
251 1291 338 1355 fugam.
372 1292 465 1356 Rapido
476 1291 600 1340 certamina
610 1289 697 1353 linquit

79 1357 112 1404 In
123 1356 222 1405 lntehrss
231 1365 322 1406 evectus
333 1372 401 1420 equo,
412 1355 531 1419 noctisque
539 1371 582 1419 per
591 1356 701 1403 umbram

78 1419 124 1468 Ad
136 1421 290 1469 Tartessiacos
300 1421 374 1469 tendit
384 1437 425 1485 per
434 1421 504 1469 litora
512 1429 598 1484 portus

114 1485 240 1533 Proximus
249 1485 273 1532 in
284 1483 363 1548 pugni
373 1486 462 1534 ductori
473 1485 552 1533 Marte
561 1499 681 1546 manuque
707 1483 757 1531 115
798 1492 800 1494 ’

79 1549 200 1612 Regnator
212 1549 348 1597 Nomadum
358 1550 447 1606 fuerats
465 1564 522 1596 mox
532 1548 616 1597 fudere
625 1548 697 1610 longo

78 1613 154 1662 Cultu
171 1629 201 1662 ue
211 1613 343 1662 AEueadtm
355 1629 440 1663 nomen
449 1612 577 1662 Masinism
587 1614 720 1676 superbum.

78 1678 146 1726 Huic
155 1630 221 1738 icccc,
233 1693 292 1742 quos
303 1678 361 1726 dura
370 1678 428 1742 fuga
435 1687 458 1727 et
469 1692 516 1726 nox
527 1684 628 1724 macerat
638 1684 696 1738 stro,

78 1743 191 1806 (lamenti
202 1757 302 1802 somnos,
314 1743 404 1791 subitus
414 1743 524 1790 rutilante
533 1755 653 1789 coruscum
711 1738 759 1788 119

77 1807 174 1856 Vertice
185 1806 250 1855 fulsit
259 1823 327 1870 spen,
339 1807 485 1871 crispamque
494 1806 610 1854 involvere
618 1804 668 1853 viss
678 1811 712 1852 est

77 1871 150 1920 Mitis
160 1871 255 1919 flemma
265 1887 363 1932 comem,
375 1881 445 1936 atque
455 1869 516 1918 hirti
526 1886 550 1918 se
560 1884 667 1933 spargere
675 1868 763 1916 fronte.

78 1936 230 1984 Concurrunt
239 1936 329 1994 famuli,
341 1944 364 1990 ct
374 1945 490 1998 serpentes
499 1943 604 1998 tempora
613 1934 701 1982 circum

77 2001 201 2048 Festinant
211 2000 293 2062 gelidis
304 2000 444 2064 restinguere
453 1999 557 2048 fontibus
567 1999 640 2061 ignes.

75 2065 116 2113 At
126 2063 257 2128 grandosa,
269 2065 347 2113 Deum
358 2080 502 2129 prenoscens
512 2063 598 2122 omina,
609 2071 692 2121 mater,

78 2131 99 2158 “
111 2129 150 2180 Sic
161 2129 198 2186 sit,
212 2128 340 2178 Coelicolaer
356 2137 509 2193 portentoque
518 2136 592 2176 vestra
603 2126 698 2175 amnui
709 2125 758 2172 125

78 2193 207 2254 Gondite‚”
218 2194 256 2242 ait
286 2196 304 2223 “
315 2194 392 2242 Durat
402 2193 472 2257 capiti
482 2208 524 2256 per
534 2191 617 2240 sucula
626 2191 714 2239 lumen.

80 2258 195 2317 Novem,
206 2274 244 2318 ne,
255 2267 316 2318 nate,
328 2259 407 2306 Deum
418 2267 444 2306 tu
454 2257 509 2305 lata
519 2271 614 2320 pavesce

81 2321 199 2386 Prodigia,
211 2332 252 2372 aut
263 2339 337 2371 sacras
347 2331 424 2370 metue
434 2322 495 2369 inter
505 2331 609 2384 tempore
619 2319 736 2368 flammas.

80 2385 132 2434 Hic
142 2387 184 2434 tibi
195 2387 320 2435 Dardaniae
329 2386 445 2450 promittit
454 2385 540 2434 foedera
549 2385 640 2447 gentis3

80 2450 132 2500 Hic
142 2450 185 2499 tibi
194 2467 266 2514 regna
276 2450 349 2510 dabit,
361 2451 436 2514 reguis
447 2451 537 2511 majora
545 2447 655 2512 paternis,
711 2447 759 2496 130

79 2513 159 2576 Ignis,
170 2523 194 2563 et
203 2515 315 2579 adjunget
325 2515 400 2564 Latiis
411 2522 452 2562 tua
462 2513 559 2562 nomina
567 2511 646 2562 tatia’‘

80 2579 124 2630 Sic
130 2587 206 2642 satu,
216 2580 354 2646 juvenisque
363 2579 473 2629 mimum
480 2588 531 2628 tam
539 2577 602 2626 clera
612 2578 738 2627 movebant
