1875 2917
42 1151 50 1161 ,
112 1106 173 1162 ¹Nec
184 1105 259 1152 vetitis
269 1105 377 1164 luctante,
389 1103 471 1152 abitG

242 67 354 126 §1121th
370 73 545 126 ITALIGUS.
562 75 610 124 1x.
626 75 683 126 tus.
749 74 797 131 177

123 201 243 267 monne
252 204 299 263 (nil
309 202 415 264 memus)
424 203 571 268 Certbsginis
581 219 657 262 accen

123 267 371 343 Sidoniamqueaciem
382 279 446 317 vasto
456 269 544 316 telluris
553 268 620 318 biatu
750 268 799 318 540

124 332 241 380 Tartareis
251 349 365 396 rmmerge
375 333 447 392 vadis,
458 342 500 380 aut
510 336 581 381 obrue
591 331 689 398 ponto.''

155 397 242 445 Contra
253 413 315 460 quo,
326 397 378 445 miti
388 397 508 462 respondet
518 397 613 461 Jupiter
623 412 677 446 oret

123 461 642 526 “Certatislatis‚etspesextenditisaegras.

122 517 178 584 Ille,
189 541 204 574 o
214 526 284 574 neta!
302 526 377 574 libens
387 526 425 573 cui
435 526 482 574 tels
492 526 585 574 inimica
595 526 691 586 ferebas,

121 590 257 639 contundet
267 589 351 654 Tyrios
359 590 460 651 juvenis,
472 605 498 638 ac
508 589 603 638 nomina
658 590 687 638 u‘s
750 590 798 638 Mb

122 655 219 713 Induet,
231 664 254 703 et
264 655 378 718 Libycam
388 654 445 702 feret
456 654 481 700 in
493 653 608 718 Capitolia
641 669 720 702 urum.

122 718 168 779 At,
180 719 263 778 cuitu,
274 720 368 780 conjux,
380 719 418 766 cui
428 717 469 766 dos
480 717 615 782 animosque
625 718 750 782 decusque,

122 784 197 846 (Fata
207 781 277 845 cano)
289 791 374 830 avertet
383 781 479 846 populis
490 783 646 831 Laurentibus
657 797 730 830 mmo.

122 848 176 896 Nec
186 847 254 910 longe
264 847 336 896 cledis
346 855 430 894 metet
447 847 510 895 venit
520 847 577 894 hora
586 846 689 912 diesque,

121 912 180 971 Qui
189 913 265 960 nullus
276 927 381 975 unquam
391 912 499 960 umsisse
509 911 621 975 optarmit
631 910 732 975 Alpes-’¹
748 913 798 962 550

122 977 162 1026 sie
172 977 221 1034 ait;
236 986 306 1040 atque
317 976 375 1023 lrim
385 991 481 1038 propere
491 975 592 1024 demittit
602 974 716 1040 Olympo,

122 1039 185 1099 Qua
195 1050 284 1089 revocet
294 1040 406 1098 Martem,
415 1041 543 1151 ιἰιὶιᾜὲιε
552 1040 671 1152 ιῑιιαίᾝεῶι
680 1055 713 1104 pu

524 1119 566 1152 vus
576 1118 601 1150 m

122 1169 185 1217 Cum
195 1169 289 1217 fremitu
300 1171 381 1228 nubes,
393 1181 538 1232 quamquam
548 1167 655 1231 lituique,
667 1170 786 1232 tubeque,

121 1233 281 1297 Vulneraque,
301 1243 325 1281 et
345 1233 446 1297 sanguis,
469 1241 493 1280 et
512 1231 609 1292 clamor,
632 1241 655 1280 ct
673 1247 739 1280 arma
757 1235 797 1294 ju·

220 1306 306 1346 vorent.
747 1298 795 1344 bbb

154 1361 189 1409 Ut
199 1362 275 1425 patuit
284 1362 343 1409 liber
352 1362 467 1423 Superlm
478 1360 602 1410 certamine
612 1361 715 1420 tendent,

120 1426 273 1492 lautusque
284 1426 336 1474 Deo
346 1441 451 1490 campus,
463 1426 510 1474 ruit
521 1441 612 1488 equore
622 1427 652 1474 ab
662 1426 711 1474 imo

123 1488 219 1547 Penus,
230 1506 278 1554 quo
288 1489 373 1538 sensim
383 1489 482 1538 celestis
492 1489 584 1552 lugeret
593 1505 666 1549 mma,

120 1553 214 1616 Magni
224 1569 278 1603 voce
288 1554 380 1601 trahens
390 1554 547 1617 equitemque,
559 1553 672 1618 virosque,
683 1555 784 1620 farreque

120 1617 253 1680 'surrigere
263 1618 358 1676 molem,
369 1626 582 1680 tormentorumque
593 1618 689 1667 labores.
745 1619 796 1668 660

123 1681 214 1746 Atque,
226 1682 267 1730 nbi
279 1684 409 1730 turbantem
420 1681 516 1728 leviores
527 1695 580 1728 ense
591 1690 691 1729 nutemus

120 1745 227 1810 Agnovit
234 1748 354 1808 juvenem,
365 1745 543 1808 scintillauitque
553 1745 651 1795 cruentis

121 1806 245 1874 ingenis,
257 1814 276 1841 ‘⁸
287 1809 403 1870 Quonam
414 1809 500 1867 Furia,
511 1808 591 1872 quisve
602 1809 649 1872 egit
659 1809 684 1856 in
694 1809 794 1871 boetem,

120 1875 170 1933 En,
183 1875 283 1930 Minuci,
296 1876 370 1933 Deus,
383 1880 409 1920 ut
419 1887 514 1920 rursum
525 1881 548 1919 te
558 1872 647 1921 credere
658 1873 724 1921 nobis

117 1938 263 1988 Auderes?''
273 1937 356 2002 inquit.
384 1940 402 1965 ‘⁶
415 1935 512 1984 Genitor
523 1936 563 1984 tibi
574 1945 642 1983 num
653 1939 682 1985 ab
693 1938 764 1985 armis

119 2003 168 2053 Ille
179 2003 245 2063 meis,
256 2003 299 2050 ubi
309 2017 371 2049 nunc
382 2001 488 2048 Fabius?
521 2000 606 2060 Semel,
618 2000 731 2065 improbe,
742 2015 797 2050 noe·

37 2118 40 2122 ’
122 2132 160 2182 sit
170 2132 225 2180 satis
235 2131 332 2180 evasisse
342 2131 492 2186 manus;”-
500 2139 570 2193 atque
580 2128 634 2176 inde
644 2130 748 2194 superbie

121 2197 199 2244 Hasta
208 2211 285 2244 comes
295 2195 361 2243 dictis
373 2194 458 2242 murali
467 2195 561 2242 turbine
570 2201 650 2258 pectus

121 2260 267 2319 Transferat,
279 2269 302 2308 et
311 2274 377 2308 voces
387 2267 495 2308 venturae
505 2273 560 2306 occu
577 2268 602 2306 et
612 2258 667 2305 ictu.

154 2326 206 2373 Nec
216 2325 276 2373 lerru
287 2324 365 2372 sevire
373 2333 409 2372 sat
419 2333 460 2370 est·
491 2323 534 2385 Ap
582 2323 627 2370 'tur
637 2322 687 2370 otrl
747 2323 797 2380 otu

121 2389 190 2438 Male
199 2389 262 2446 fera3
280 2397 303 2437 et
312 2388 421 2436 mononis
430 2387 577 2450 componitur
587 2387 648 2435 Itala
657 2387 738 2450 pubes.

123 2454 197 2513 Nom,
209 2461 335 2517 provectus
345 2467 413 2515 equo,
424 2451 583 2498 moderantem
594 2450 688 2516 cuspide
696 2453 776 2501 Lucas

124 2517 239 2566 Maurum
249 2514 274 2564 in
285 2516 347 2565 bella
356 2519 426 2564 boves
435 2514 537 2563 stimulis
547 2516 674 2577 majoribus
683 2515 725 2575 ire,

122 2581 162 2629 Ac
171 2591 262 2646 raptore
269 2583 337 2644 jubet
347 2581 489 2644 libycarum
500 2589 605 2630 armema
614 2580 723 2630 taurum.
