1875 2917
211 51 322 105 sunus
339 53 512 104 tremene
528 55 616 105 XVII.
633 53 689 112 247.
738 51 801 100 ³3³·

148 180 250 243 Primus,
261 199 286 233 se
296 185 402 234 attollens
410 186 572 234 Nasamonum
582 184 684 241 sedibus,
694 182 782 230 Auster

115 245 220 296 Nudasit
230 249 316 312 Syrtim
328 251 430 313 correpti
440 251 535 298 nubilus
544 250 617 298 nudi.
739 247 790 293 248

115 311 248 376 Insequitur
258 314 357 362 sublime
367 314 442 362 fecem
452 315 596 377 nigrantibus
606 313 649 361 alis

113 375 249 440 Abruptum
260 379 346 426 Boreas
356 379 422 442 ponti
431 379 509 426 latus:
524 376 614 426 intonat
624 394 675 426 aser
738 377 787 423 250

114 439 220 490 Diseordi
230 443 296 502 flatu,
307 451 330 504 et
339 451 429 508 partem
439 443 500 506 repit
509 443 615 506 quotis,
626 443 714 490 Eurus.

115 503 179 554 Hinc
188 508 251 570 rupti
262 509 354 556 reboare
363 508 421 570 poli,
432 516 502 570 atque
512 507 567 555 hine
576 510 654 555 mebra
663 507 749 554 micare

114 569 233 630 Fulmina,
244 580 268 620 et
278 573 303 618 in
313 572 409 621 classem
420 587 486 620 ruere
496 572 528 618 im
610 571 642 619 ile
652 571 743 620 ooelum.

114 632 255 684 consensere
264 636 336 698 ignes,
347 636 476 748 nimbique,
487 644 511 683 et
537 645 612 695 nonu,
624 645 646 684 et
655 635 691 683 irs
737 634 787 681 ent

114 696 258 756 Ventorum,
276 709 412 765 noctemque
444 709 481 748 eto
490 700 620 763 imposuere
630 700 735 748 tenebras.

113 761 181 822 Eme,
189 763 273 812 intorta
283 766 355 823 Noto,
366 765 505 827 veniensque
515 780 530 811 a
539 779 606 826 rupe,
617 763 716 826 procella

113 827 230 876 Antennoe
242 829 359 892 immugit,
371 829 499 893 stridorque
507 827 597 876 immite
607 828 730 876 nrdenttlm

114 891 205 950 Sibilat,
217 908 243 940 ac
253 893 353 942 similem
363 893 445 954 monti,
457 893 563 956 nigrante
572 891 695 956 profirndc,

114 953 223 1004 Ductoris
233 956 317 1020 frangit
328 973 396 1022 super
406 973 446 1006 ora
457 957 576 1005 nemetrtia
586 957 691 1005 fluctum.

112 1019 245 1081 Exclamat,
257 1021 349 1070 volvens
359 1021 437 1070 oeulos
447 1022 548 1085 ooeloque
558 1021 677 1085 fretoque:
736 1019 785 1071 26⁰

113 1085 130 1112 ‘⁶
139 1084 214 1144 Felix,
225 1100 247 1143 o,
259 1087 334 1147 frater,
346 1086 460 1149 Divisque
470 1095 560 1150 aequate
569 1084 679 1145 osdendo,
785 1133 788 1138 .

43 1191 48 1199 .
113 1147 263 1198 Hasdrubal!
282 1150 742 1214 egregiumlortiscuidexteminarmis

82 1211 87 1222 '
112 1212 231 1275 Pugnanti
241 1216 329 1278 peperit
338 1215 419 1274 letum,
431 1224 454 1262 et
464 1214 502 1262 eui
512 1214 560 1262 fata
569 1213 652 1262 dedere

110 1276 241 1326 Ausoniam
252 1288 354 1328 extremo
365 1280 470 1326 tellurem
480 1278 621 1354 apprendere
629 1293 717 1327 morsu.

111 1341 148 1387 At
157 1342 215 1390 milri
227 1343 359 1392 Cannarum
370 1343 465 1406 eampis,
476 1345 518 1391 ubr
527 1343 623 1402 Paulus,
635 1352 659 1390 et
667 1343 715 1391 illa
736 1345 786 1393 265

111 1405 217 1469 Egregia
228 1410 353 1456 oocubudre
364 1408 455 1466 anima,
467 1407 581 1455 dimittere
590 1407 664 1455 vitam

111 1469 168 1516 Non
177 1470 266 1520 licitum
274 1489 282 1529 ς
299 1473 344 1530 vel,
356 1488 410 1520 eum
421 1472 504 1520 ferrem
514 1472 539 1518 in
548 1472 662 1535 Capitolia
669 1473 783 1534 fflmmm,

111 1532 213 1597 Tarpeio
222 1538 240 1585 J
241 1538 290 1584 ovis
300 1536 329 1584 ad
338 1537 422 1584 Manes
434 1536 569 1584 descendere
579 1537 650 1584 telo.”

143 1598 212 1647 Talia
221 1599 280 1648 dum
289 1610 377 1659 meret,
388 1600 482 1650 (liversis
492 1600 585 1648 flatibus
595 1610 647 1648 acta

108 1661 141 1710 In
151 1664 271 1727 geminum
281 1665 328 1713 ruit
337 1665 401 1713 unda
410 1666 481 1724 latus,
492 1665 636 1728 puppimque
646 1667 690 1713 sub
700 1667 756 1714 atris

108 1727 220 1791 AEquoris
230 1729 351 1793 aggeribus
361 1729 443 1788 tenuit,
457 1744 500 1777 eeu
511 1728 602 1777 nunna
610 1744 718 1778 mersam.
733 1732 780 1786 271

106 1791 177 1850 Mox,
189 1793 259 1856 nigris
269 1795 314 1842 alte
324 1794 392 1857 pulsa
402 1792 540 1842 exundantis
550 1808 624 1841 mense

108 1855 249 1918 Vorticibus,
261 1859 317 1906 ratis
328 1859 436 1906 aetherem
445 1858 555 1906 remearit
564 1857 594 1905 ad
605 1873 680 1918 aures,

106 1919 140 1968 Et
151 1920 235 1981 fluetus
245 1937 322 1986 supra,
334 1931 402 1971 vento
411 1922 518 1982 librante,
529 1922 647 1986 pependit.
731 1921 780 1976 274

106 1985 143 2032 At
153 1985 256 2049 geminas
267 1989 345 2036 Notus
355 1987 380 2033 in
390 1988 496 2050 scopulos
505 1995 576 2049 etque
585 1986 678 2034 horrida
687 2001 743 2034 saxa

105 2049 176 2098 Durd
186 2059 246 2098 sorte
256 2051 317 2114 rapit
328 2051 496 2117 (misermdum
507 2060 530 2098 et
537 2051 600 2100 triste
608 2050 629 2108 1)
640 2051 746 2098 biremes.

104 2113 244 2178 Increpudre
255 2116 302 2164 ictu
313 2131 391 2180 proroe,
421 2115 485 2163 'l'um
496 2114 584 2163 murice
593 2121 661 2162 emto

105 2178 229 2227 Dissiliena
239 2180 325 2241 sonuit,
337 2179 406 2243 ruptis
416 2195 537 2242 compage,
550 2179 632 2226 sanna

104 2242 155 2291 Hle
166 2243 228 2292 varus
238 2253 291 2292 ante
298 2245 375 2292 oculos
383 2243 466 2292 facies:
481 2251 547 2292 natat
556 2259 648 2306 equore
657 2250 714 2304 toto,

102 2307 181 2356 Arma
190 2309 250 2356 inter
259 2309 381 2373 galeasque
393 2309 468 2356 virbm
478 2307 602 2370 cristasque
612 2309 727 2368 rubentes,

102 2371 219 2421 Florentia
230 2374 318 2437 Capua
328 2389 392 2436 gaza,
404 2382 427 2420 et
500 2371 649 2435 tatriumpho
730 2373 776 2420 281

100 2436 209 2484 laurens
219 2437 297 2502 preda
306 2437 380 2496 ducis,
412 2437 418 2447 ⁴
511 2450 643 2500 menseque
653 2435 767 2497 Deorum,

99 2499 219 2565 Cultaque
228 2502 386 2568 nequidquam
397 2500 486 2550 misnia
495 2500 618 2550 simulacra
628 2499 733 2559 latinis,
747 2543 751 2548 .
