1875 2917
167 84 214 133 llo
283 82 405 135 olims
420 82 595 133 lTAthUS·
609 81 658 132 vl.
672 82 732 138 287.

165 211 306 275 Quantoque
316 211 429 287 supplicia
436 218 459 261 et
558 209 708 260 exhausimus
717 210 765 258 irus
774 209 783 258 l
798 210 850 266 287

166 274 217 323 Neo
227 277 318 325 tecum
328 276 361 338 pri
372 284 448 331 retest
514 275 630 338 ulumque
638 289 745 323 sororum

165 340 293 399 Naiadum,
305 339 383 403 tepidi
393 354 452 403 quos
462 339 572 401 Bagrada
581 340 655 387 nubit
664 339 690 386 in
700 338 775 398 nudi,

165 403 217 451 Nos
227 404 324 453 violtsre
333 418 414 462 manu,
426 404 485 451 seris
494 404 607 452 mouuire
616 404 715 467 perielia
794 403 847 451 29⁰

166 466 226 515 Huc
233 477 288 516 tune
298 468 372 528 hasta,
381 468 451 516 decus
461 467 528 515 nobis
537 466 686 532 pretiumque
696 466 797 515 usundi

166 531 285 591 Vulneris,
297 541 403 591 averno,
415 532 519 591 Senum
530 530 617 579 tributa
626 540 729 594 perflue,

168 594 279 659 Princeps
289 612 342 707 pue
352 610 415 645 sauro
424 595 484 644 bibit
494 611 507 642 e
517 603 622 659 serpente
631 597 765 644 cruorem.”

199 660 288 708 Jsmdu
305 676 346 708 um
357 661 434 709 vultus
444 658 552 722 lacrymis
561 667 633 722 atque
642 675 682 708 ora
691 660 785 723 rigabat

166 724 286 784 Semnus,
297 724 419 788 medioque
429 724 473 773 viri
483 738 587 772 sermone
597 724 716 786 profaturr
794 726 845 773 295

167 790 185 817 ‘⁶
197 788 261 836 Huic
267 788 290 841 ai
301 788 349 837 rite
358 788 412 837 duei
422 796 527 837 nostrum
538 787 643 836 durbmet
651 788 678 835 in
688 803 776 848 rerum,

167 852 223 901 Non
233 853 320 900 Trebia
329 852 441 901 infaustas
451 851 579 914 superesset
588 852 701 915 sanguiue
709 852 788 915 ripes3

167 916 228 976 Neo,
238 917 389 980 Trasyme,
398 924 452 965 tuus
461 927 576 979 premeret
582 924 617 963 tot
625 916 721 964 nomina
730 915 847 979 gungea.”

198 980 269 1029 'l'une
284 980 366 1041 senior,
384 983 402 1011 “
413 979 542 1044 Magnes,”
556 979 640 1043 inquit,
659 980 717 1029 “de
729 981 846 1043 sangnine

316 1060 341 1093 ss

166 1058 362 1172 Pooepii'inyriu
374 1116 397 1157 et
406 1117 531 1173 presumta
540 1108 633 1171 piaenls
642 1108 730 1157 mortis.
790 1110 843 1158 300

167 1171 240 1231 Nam,
252 1172 340 1221 defecta
349 1173 412 1231 viris,
421 1180 445 1221 et
454 1186 510 1235 opes
520 1172 606 1231 attrita,
618 1172 715 1235 supinas

167 1234 250 1285 Airita
259 1236 367 1286 tendebst
376 1238 475 1299 palmes,
487 1251 550 1294 cum,
562 1236 636 1285 sidere
645 1236 705 1295 diro,

167 1299 236 1347 Misit
246 1301 374 1363 Agenoreis
384 1302 502 1349 duetorem
512 1300 617 1348 animosa
627 1300 759 1363 Therapne.

167 1363 242 1411 Nullo
252 1366 301 1413 viro
311 1366 403 1428 speeies,
415 1365 547 1428 decorisque
557 1372 580 1412 et
588 1364 671 1412 frontis
680 1379 780 1427 egenum

169 1425 274 1502 Corpust
290 1429 315 1475 in
326 1429 416 1492 exiguis
425 1430 492 1492 vigor
502 1428 659 1487 (admirabile)
670 1429 782 1477 membris
792 1431 843 1477 30⁶
920 1455 922 1468 ι

167 1491 275 1552 Vindus,
287 1501 310 1540 et
320 1494 371 1541 nisu
382 1507 479 1555 magnos
488 1492 530 1557 qui
541 1493 640 1541 vinoeret
649 1500 721 1540 artus.

167 1555 225 1602 anr
236 1556 339 1605 Martem
353 1572 438 1620 regere,
449 1566 520 1620 atque
529 1565 593 1603 sams
603 1557 730 1619 adjungere
739 1557 810 1617 ferro,

167 1619 201 1667 Et
211 1619 282 1669 durus
292 1621 383 1669 iseilem
393 1637 435 1684 per
444 1621 561 1683 inhospita
570 1620 653 1669 duone
662 1622 744 1678 ritem,

168 1683 242 1732 Haud
251 1685 297 1742 isti,
309 1701 379 1749 quem
388 1700 451 1733 nune
458 1700 529 1749 penes
539 1693 573 1732 est
583 1685 684 1733 sollerfia
693 1685 758 1744 belli,

168 1747 264 1797 Cederet
275 1749 411 1797 Hannibali.
444 1749 538 1799 Vellem
548 1748 619 1807 hunc,
630 1749 729 1798 otristia
738 1748 809 1798 nobis

167 1811 287 1875 Tiygeta!
300 1814 362 1863 huno
373 1828 447 1863 unum
457 1828 504 1861 nou
515 1812 638 1861 durdssetis
647 1813 726 1877 opacis
791 1814 840 1862 311

166 1874 262 1923 Eurotae
272 1877 334 1941 ripis.
367 1878 485 1927 Vidissem
494 1877 580 1925 moenis
588 1877 689 1925 dammis

167 1940 293 1989 Phoeuissae
303 1956 381 2000 ruere;
399 1950 440 1990 aut
449 1950 509 1989 uerte
520 1955 567 1990 non
577 1941 669 1989 horrida
678 1942 729 1989 fata

166 2004 291 2053 Flevissem
302 2006 374 2067 dueis,
386 2014 409 2055 et
416 2006 483 2053 nulli
493 2020 551 2070 quos
560 2015 635 2054 morte
643 2020 687 2054 nee
694 2007 745 2069 igni

166 2067 257 2117 Brutos
267 2085 359 2119 serrem
370 2072 466 2135 portabo
476 2070 501 2116 in
513 2069 611 2117 Tartara
620 2070 704 2118 luctus.
790 2073 841 2128 315

200 2135 217 2161 “
228 2132 345 2183 conserte
355 2135 442 2198 eampis
452 2134 519 2192 teies,
530 2133 665 2197 multusque
675 2150 717 2197 per
726 2150 783 2184 arra

166 2195 279 2245 Fervebat
289 2198 402 2255 Mavorst
419 2213 461 2245 nee
471 2212 537 2252 ruens
544 2204 592 2245 erat
602 2198 652 2245 nlla
661 2198 711 2247 sine
720 2199 763 2247 iri.

167 2259 225 2318 llic,
236 2261 295 2309 inter
305 2262 401 2320 medios,
412 2260 567 2309 memorandis
575 2262 682 2324 Regulus
691 2263 754 2311 ausis

166 2322 274 2372 Lusbm
283 2326 342 2373 ierro
351 2340 469 2389 campum,
481 2340 507 2372 ec
517 2340 558 2387 per
567 2324 649 2388 iniqua
658 2329 749 2387 ruebat,

165 2384 217 2433 Neo
226 2390 348 2448 repetenda
357 2389 427 2437 debat
436 2388 500 2437 letali
509 2388 604 2437 vulnera
613 2388 702 2437 dexut
787 2394 837 2441 320

165 2447 212 2505 Sic,
223 2450 265 2498 ubi
275 2452 404 2514 nigrantem
416 2462 525 2515 torquens
535 2451 684 2501 rtridnuibur
694 2453 791 2503 Austris

165 2509 246 2559 Portet
256 2516 324 2563 turbo
333 2516 439 2578 globum,
450 2516 561 2578 pioeique
570 2532 584 2565 e
593 2518 656 2564 nube
665 2518 758 2566 ruinam

165 2572 307 2633 Pendentem
318 2578 383 2627 terrie
392 2581 478 2641 puriter
487 2588 604 2643 pontoque
614 2579 731 2641 mireum
