1875 2917
162 77 211 129 loo
284 74 399 127 ³1st
415 72 590 126 rranlcus
606 73 640 124 X·
656 75 713 124 529.

159 205 251 256 Defesn
270 221 424 270 quamquam,
446 182 583 268 maerent,
600 218 725 270 sparsoque
746 202 850 268 propin-

275 286 318 319 uos

160 287 421 399 Agmineqprosternunt
430 336 510 383 lnoos:
528 345 595 384 sonat
604 343 655 384 acta
664 333 767 398 bipenni
801 333 853 380 53⁰

160 399 285 448 Frondosis
296 399 355 447 silva
364 400 413 447 alta
420 400 494 462 jugis.
527 400 592 448 Hine
603 415 672 447 ornus
684 408 708 446 et
717 397 785 446 albae

161 464 267 526 Populus
277 465 325 512 alta
334 479 414 522 oomae,
426 464 508 512 validis
518 465 592 512 assisa
601 463 700 522 laoertis,

162 528 287 588 Scinditur,
298 528 354 576 bino
363 528 411 576 ilex
420 543 559 592 proavorum
571 528 663 577 condita
672 526 751 576 saeclo.

163 591 298 642 Devolrunt
308 608 415 656 quercus,
426 602 450 641 et
459 601 577 640 ananum
588 593 656 641 litora
666 593 763 656 pinum,

163 657 210 715 Aa,
221 656 292 706 ferale
302 657 380 716 decus,
391 665 484 705 moestas
494 657 525 704 ad
537 660 607 706 busta
616 671 743 720 cupressos.
795 656 850 703 535

163 721 279 770 Funereas
289 730 340 769 tum
351 721 434 769 deinde
443 737 513 784 pyros
524 722 648 770 oerumine
658 729 761 778 texunt;

166 786 278 835 Officium
288 785 379 845 infelix,
391 794 414 832 et
424 800 511 834 munus
521 787 590 834 inane
600 786 725 850 peremtise

163 849 245 898 Donec
255 851 388 898 anhelantes
398 859 482 912 stagna
491 850 517 897 in
529 850 645 898 Tartessia
656 850 763 898 Phoebus

160 914 250 964 ,Mersit
259 930 339 978 equos,
351 914 488 979 firgiensque
498 915 552 978 polo
564 915 659 963 Titania
669 929 757 962 wcam

164 979 248 1032 Ornia
257 979 358 1042 nigranti
370 979 441 1026 traxit
450 979 548 1042 ealigine
558 987 657 1027 noctem.
794 978 850 1026 540

197 1042 261 1102 Post,
273 1043 313 1091 ubi
324 1043 439 1092 firlserunt
448 1043 529 1107 primis
540 1041 696 1092 Pha'e'thontia
705 1041 774 1090 irena

164 1107 272 1170 Ignibus,
283 1116 353 1170 atque
364 1107 401 1155 sui
411 1107 476 1156 terris
486 1107 573 1156 rediere
583 1109 677 1166 colores,

165 1173 307 1235 Supponunt
315 1172 445 1232 flammam,
456 1179 480 1220 et
489 1173 609 1220 manantia
619 1187 713 1235 oorpora
721 1173 781 1220 tabo·

164 1235 253 1284 Hostili
263 1237 345 1285 tellure
354 1245 464 1284 oemunt.
497 1237 566 1286 Subit
575 1236 668 1284 horrida
677 1245 783 1284 mentem

163 1301 274 1349 Formido
283 1301 364 1349 inoerfi
373 1303 453 1358 usbar
472 1300 600 1365 tacitusque
610 1307 712 1364 pererrat
796 1301 850 1348 545

163 1365 253 1412 Intima
262 1365 331 1413 eorda
341 1380 421 1428 pavor,
433 1365 453 1412 si
463 1365 511 1413 fors
521 1364 554 1412 ita
565 1365 651 1413 Martis
661 1363 738 1428 iniqui

164 1428 226 1476 Mox
236 1430 303 1489 ferat,
314 1429 358 1477 hae
367 1429 423 1492 ipsis
433 1429 529 1477 inirniob
540 1429 592 1478 sede
600 1429 733 1491 jacendum.

164 1494 220 1551 Ast,
232 1494 281 1553 tibi,
292 1493 445 1557 Bellipotens,
457 1509 557 1553 sacrum,
569 1502 710 1542 constructus
720 1509 805 1542 aoerro

149 1610 151 1615 ,
165 1557 267 1620 Ingenti,
279 1573 345 1606 mons
356 1573 474 1605 armorum
485 1559 593 1620 surgebat
603 1557 633 1606 ad
643 1567 711 1606 astra.

164 1623 227 1685 Ipse,
239 1637 310 1672 manu
322 1623 406 1670 selsam
418 1623 501 1686 pinum
511 1622 654 1686 flammisque
663 1631 796 1672 oomantarn

163 1687 291 1744 Attollens,
302 1687 384 1734 ductor
395 1687 525 1734 Gradivum
537 1687 562 1734 in
573 1695 626 1734 vota
636 1687 724 1735 ciebat:
792 1689 843 1737 551

166 1755 184 1781 “
196 1752 314 1800 Primitiae
323 1766 417 1814 pugna,
429 1760 453 1799 et
461 1751 509 1798 laeti
519 1751 631 1799 libamina
640 1751 705 1810 belli,

167 1815 287 1866 Hannibal
296 1815 403 1863 Ausonio
413 1824 501 1863 nemas
510 1815 559 1863 hac
570 1815 599 1863 de
609 1816 703 1863 nomine
713 1815 802 1872 victore

165 1880 199 1928 Et
208 1881 260 1939 tibi,
271 1881 337 1928 Mars
347 1880 445 1942 genitor,
456 1890 561 1928 votorum
573 1879 637 1927 haud
647 1880 715 1928 surde'
724 1895 844 1942 meorum,

164 1944 243 1991 Arma
252 1945 323 1992 electa
332 1943 393 1992 dieat
403 1943 532 2007 spirantum
544 1946 611 1991 turba
621 1945 749 1994 virorum.'’
793 1949 844 1994 555

197 2009 271 2068 Turn,
283 2008 332 2056 fase
341 2008 452 2069 conjecti,
462 2008 588 2072 populatur
598 2008 699 2056 fervidus
709 2007 770 2072 ignis

164 2073 315 2134 Flagrantern
324 2072 427 2129 molem3
444 2083 477 2132 et,
488 2089 515 2120 ru
533 2073 557 2121 ta
567 2073 672 2136 caligine,
683 2073 708 2120 in
719 2089 787 2122 auras

165 2138 241 2183 Actus
252 2153 312 2199 apex
321 2138 382 2184 claro
393 2136 512 2199 perfundit
516 2090 611 2184 lumine
621 2153 721 2200 campos.

167 2199 231 2246 Hinc
242 2200 300 2247 oitus
310 2199 341 2246 ad
351 2200 470 2248 tumulum
481 2201 613 2263 donataque
623 2201 705 2249 funera
717 2201 793 2250 Paulo

166 2264 229 2318 Ibat,
241 2271 265 2310 et
275 2263 364 2310 hostilis
373 2264 413 2311 leti
421 2266 523 2325 jactabat
532 2265 651 2312 honorem.
792 2267 843 2314 560

164 2325 295 2372 Sublimem
305 2327 406 2373 duxere
415 2343 507 2390 pyram,
518 2328 647 2392 mollesque
657 2329 739 2377 virenti

61 2406 63 2410 ·
165 2387 440 2452 Stramineoomposuire
450 2400 519 2438 toros.
552 2392 706 2455 superaddita
716 2393 787 2453 dona,

164 2449 298 2498 Funereum
308 2452 392 2500 deense
410 2455 608 2515 expertisinvisus
619 2465 642 2504 et
652 2457 721 2516 ensis,

164 2510 198 2558 Et
210 2513 416 2638 alypeprerrsssupnterror
426 2517 593 2583 Nomadum]
610 2528 681 2584 atquo
695 2521 787 2586 insigne
802 2537 844 2572 su-
