1875 2917
159 64 190 109 ⁵2
279 62 389 113 sunus
406 62 578 112 ITALICUS.
596 62 647 112 111.
663 62 719 112 441.

159 188 324 254 Defletumquc
334 198 413 239 tenent
422 205 513 240 montes
522 206 563 253 per
573 191 658 240 astula
667 203 760 239 nomen·
783 188 832 236 441

190 254 302 318 Jamque,
313 270 354 319 per
363 256 463 305 etcclles
471 266 495 305 st
504 256 586 304 densos
595 255 749 314 abisteluccs,

158 318 277 381 Bebrycia
286 318 370 368 Poenus
379 320 436 368 fines
445 320 614 368 transcmdsrst
624 321 690 368 aulas

158 382 218 430 Inde
228 383 294 431 imos
304 384 427 447 quesitum
437 385 508 432 arinis
517 399 559 448 per
568 384 685 447 inhospita
694 398 750 431 mrs

74 474 76 483 ι
158 446 285 495 Volcarum
298 448 422 511 populatur
431 448 483 509 iter,
494 448 735 511 tumidiqueminacss
784 446 834 493 445

157 510 254 559 Accedit
263 512 372 561 Rhodani
381 512 465 561 festino
474 513 549 561 milite
556 512 626 576 ripas.

157 574 291 637 Aggeribus
300 585 371 639 caput
377 577 473 639 Alpinis
483 586 507 624 et
517 592 575 640 rupe
584 576 656 625 nivali

158 638 259 687 Proserit
268 640 292 687 in
303 639 388 698 Celtas,
400 641 564 705 ingentemque
570 640 670 689 ornabit
680 654 773 687 amnem

158 704 282 765 Spumanti
292 704 420 753 Rhodanus
433 705 580 769 proscindens
592 705 683 768 gurgite
692 718 796 765 campos,

158 766 195 813 Ac
205 782 300 832 propere
310 769 335 815 in
345 777 443 832 pontum
452 770 500 818 lato
510 770 557 819 ruit
566 768 650 817 indus
660 769 733 817 alvcc.
782 768 834 816 450

158 832 240 894 Auget
249 848 312 896 opes,
324 833 393 881 stanti
403 833 494 892 similis,
505 833 618 897 tacitoque
627 833 717 897 liquore

158 895 260 956 Mixtus,
269 897 339 954 Arar,
351 912 420 960 quem
431 898 560 961 grugitibus
570 897 705 961 complexus
714 895 815 957 anhelis,

159 958 312 1008 Cunctantem
322 960 438 1025 immergit
447 962 539 1025 pelago,
547 970 686 1027 raptumque
695 976 736 1025 pet
742 976 799 1009 arva

158 1022 229 1071 Ferre
239 1033 300 1073 vetat
310 1025 411 1088 patrium
422 1026 497 1074 vicina
506 1026 537 1073 ad
545 1026 613 1075 litora
622 1040 715 1074 nomen.

158 1086 277 1136 Invadunt
287 1088 371 1138 alacres
381 1090 501 1139 inimicum
511 1091 620 1152 pontibus
630 1104 737 1148 smnsm3
779 1089 831 1136 455

158 1151 231 1200 Nunc
241 1153 300 1201 celso
310 1154 384 1217 capite
392 1163 415 1203 et
422 1154 546 1203 cerviubus
557 1170 621 1203 arma
630 1163 733 1212 tuentur,

158 1216 185 1263 N
186 1230 231 1264 unc
241 1217 322 1265 validis
331 1234 415 1281 gurges
425 1218 529 1267 certatim
539 1218 652 1282 frangitur
661 1218 731 1267 ulnis.

157 1279 282 1329 Flumineb
292 1282 381 1345 sonipes
388 1283 500 1345 religatus
509 1282 601 1331 ducitur
608 1282 671 1345 alno,

159 1344 243 1392 Bellus
253 1360 294 1394 nec
304 1346 386 1395 retinet
396 1346 501 1394 tardante
510 1346 609 1410 Libyssa
618 1346 715 1408 timore3

158 1408 222 1455 Nam
234 1410 336 1457 trabibus
345 1410 404 1459 vads
414 1420 437 1459 et
447 1410 532 1472 injecti
542 1410 623 1459 tellure
633 1420 749 1475 repertum
780 1412 832 1460 460

158 1470 280 1521 connexus
290 1474 376 1537 operire
387 1477 469 1533 trabes,
481 1474 600 1523 seducere
609 1475 634 1523 in
644 1476 719 1525 altum

158 1535 275 1585 Paulatim
286 1538 342 1601 rlpoe
352 1539 456 1587 resolutis
466 1554 550 1602 aggere
559 1537 648 1587 vinclis.

157 1601 201 1658 At,
210 1601 285 1665 gregis
296 1602 379 1665 illapsu
389 1602 540 1651 fremebundo
548 1603 647 1664 oerrims,
658 1613 718 1653 atras

157 1664 261 1727 Expavit
271 1666 343 1715 moles
354 1667 490 1726 Rhodanus,
501 1668 633 1731 stagnisque
641 1669 732 1729 refusis,

157 1726 237 1777 Torsit
246 1746 339 1779 arenoso
349 1732 481 1779 minitantia
489 1747 611 1779 murmura
619 1732 699 1782 fundo.
780 1733 831 1781 465

186 1792 289 1857 Jamque
299 1795 432 1843 Tricssn'nis
442 1795 541 1843 intendit
550 1794 636 1844 linibus
646 1813 744 1861 sgmene

156 1854 211 1905 Jsm
221 1857 298 1907 faciles
308 1874 409 1923 campos,
418 1860 468 1921 jam
479 1875 534 1907 rura
540 1859 655 1909 Vocontia
664 1862 744 1926 carpit.

157 1920 276 1971 Turbidus
286 1923 325 1971 bic
335 1923 422 1972 truncis
430 1923 537 1987 saxisque
547 1922 661 1973 Dmenb'a
671 1926 751 1975 labam

155 1984 265 2034 Ductoris
277 1984 391 2053 [vexavit]
402 1988 461 2035 itera
479 2002 587 2051 namque,
596 1988 700 2053 Alpibus
710 2000 783 2048 ortua,

153 2050 333 2099 Avulsasornos
345 2052 439 2099 etsdesi
448 2051 564 2115 fragmina
573 2053 658 2101 montis
778 2056 829 2111 470

82 2110 90 2127 “
155 2113 216 2161 Cum
228 2115 303 2163 sonitu
312 2116 412 2177 volvens,
424 2116 641 2165 ferturlatrantibus
650 2117 728 2179 undis,

153 2178 192 2224 Ac
203 2178 261 2225 vada
271 2180 382 2227 translato
391 2188 468 2227 mutat
478 2179 570 2227 fassscia
580 2195 657 2240 cursu,

153 2240 208 2288 Non
223 2242 294 2304 pediti
307 2242 375 2303 fidus,
387 2243 473 2307 patulis
483 2258 529 2290 non
540 2244 658 2307 puppibus
668 2262 765 2309 equuse

153 2305 196 2361 Et,
207 2314 262 2353 tunc
272 2306 347 2354 imbrs
357 2322 433 2355 recens
443 2307 505 2365 fuso,
516 2316 619 2370 correpta
629 2311 673 2358 sub
683 2311 754 2357 anuis

153 2367 256 2431 Corpora
263 2370 339 2420 multa
346 2371 420 2419 virum
429 2370 547 2433 spumanti
554 2371 638 2420 vortice
644 2381 762 2437 torquens,
777 2378 829 2432 475

153 2429 270 2479 Immersit
280 2432 353 2481 fundo
362 2434 442 2482 laceris
452 2434 564 2482 deformia
572 2436 689 2485 membris.

186 2494 231 2542 Sed
241 2496 291 2555 jam
302 2498 426 2558 preteritas
436 2498 499 2544 ultra
508 2497 737 2550 msuinisselsbores

153 2558 286 2621 Conspecta
298 2560 391 2623 propius
402 2562 506 2611 dsmsirt
516 2562 651 2625 paventibus
661 2563 744 2627 Alpes.
