1875 2917
193 90 195 97 ‘
230 86 529 148 SILIUSJ'I'ALICUS.
547 85 607 137 v11.
626 87 680 135 001.
748 85 791 133 141

123 214 276 278 Quamquam
287 215 386 265 tardatos
395 216 488 265 turbati
497 215 573 265 fronte
582 215 679 263 latinos

123 278 250 341 collegisse
260 280 359 342 gradum
369 280 438 339 videt,
450 280 616 343 imperterrims
625 280 675 343 ipse
746 278 795 325 tat

124 343 221 391 Ferratd
231 345 291 392 culce
301 353 371 408 atque
381 344 454 393 effusis
463 344 543 407 largus
552 344 644 391 habenis

124 408 279 457 Cunctantem
290 409 422 471 impellebat
432 423 528 473 equum.
554 410 633 470 Negat
643 407 724 456 obrius
734 406 776 467 ire,

122 472 158 519 Et
165 473 264 535 trepidat
274 474 339 521 cassis
349 473 438 536 sonipes
448 472 669 521 externmsumbrd.

126 536 201 595 Tum,
214 538 272 585 celer
282 538 307 587 in
318 552 421 600 pugnam
432 538 499 585 dorso
508 537 598 585 deletus
608 539 638 585 ab
648 537 704 595 alto,

125 600 251 663 Alipedem
262 602 342 665 planti
352 616 444 649 currum
455 601 548 664 premit,
559 609 629 664 atque
638 599 725 649 volanti
748 599 796 655 700

125 664 211 711 Assilit
221 682 235 712 a
245 674 316 728 tergo.
331 679 334 685 ’
344 665 451 713 Cecidere
461 675 486 712 et
495 665 545 712 lora
554 673 654 728 repente,

125 728 161 776 Et
172 729 274 777 stimuli:
293 731 425 793 ferrumque
435 744 504 793 super
513 730 599 779 carice
609 730 748 789 nemeaeus,

121 792 216 840 ‘Palluit
226 794 307 842 infelix
318 794 431 843 subducto
441 794 552 856 sanguine
560 794 668 842 Maurus.

125 854 177 905 Ora
187 858 247 921 rapit
257 859 342 921 gladio,
354 858 496 921 praefixaque
505 858 600 922 orspide
609 866 692 921 portat.

160 924 204 979 At,
214 938 273 971 saevo
284 925 389 971 Mavorte
396 923 468 981 ferox,
480 923 609 986 perrumpit
618 921 729 969 anhelum
750 919 798 975 700

126 984 233 1033 Dictator
243 1002 296 1035 cum
306 987 368 1035 cade
377 987 482 1050 globum.
512 986 646 1034 Miserabile
656 986 715 1044 visu,

128 1048 272 1098 Vulneribus
282 1051 376 1110 fessum,
390 1066 417 1098 ac
427 1051 502 1098 multo
511 1051 603 1098 labente
613 1065 700 1110 cruore,

126 1113 255 1161 Ductorem
266 1116 337 1163 cernit
347 1130 454 1178 suprema
464 1130 492 1162 sc
501 1114 562 1161 foeda
570 1123 708 1177 proesntem.

128 1178 257 1227 Menandre
266 1180 331 1242 genis
340 1180 462 1241 lacrymat
479 1178 500 1225 el
574 1194 604 1225 ue
613 1188 735 1241 parentam
751 1177 799 1233 700

129 1242 242 1305 Protegit,
254 1253 284 1302 et,
296 1253 377 1291 natum
388 1194 701 1301 stimuleusypffiorrisime,
711 1242 789 1290 labem

129 1306 200 1353 Hanc
210 1307 350 1369 pellamus,''
360 1307 408 1362 ait3
424 1310 441 1335 “
450 1306 575 1369 Poenoque,
586 1309 616 1355 ob
626 1306 693 1353 mitia
702 1306 772 1365 mua,

129 1370 202 1428 Quod
213 1372 289 1419 nullos
299 1371 382 1418 nostris
389 1371 453 1433 ignes
461 1370 591 1432 disperserit
600 1370 669 1433 agris,
764 1411 766 1414 .

123 1434 238 1499 Dignum
245 1436 401 1497 expendamus
408 1433 644 1497 pretium.'’-Tunc,
651 1433 800 1495 artepatemt

129 1500 169 1545 Ac
180 1499 278 1546 stimulis
288 1498 398 1561 gaudem,
408 1498 500 1559 juvenis
510 1498 650 1545 circumdata
659 1497 757 1545 Poendm
795 1517 801 1530 =

130 1562 350 1625 Agminadeturbst
357 1562 442 1625 gladio,
453 1576 609 1672 eampumcpue
618 1562 719 1619 relaxat3
752 1561 800 1615 tlt

130 1627 213 1675 Donec
223 1627 331 1675 Sidonius
342 1626 458 1675 decederet
468 1641 559 1688 aequore
585 1634 664 1673 uetort

133 1692 193 1748 Ceu,
205 1691 337 1739 stimulante
346 1691 416 1750 fame,
427 1690 505 1751 rapuit
515 1704 569 1737 cum
579 1689 680 1736 Martius
690 1703 777 1751 agnum

131 1756 223 1803 Averso
233 1765 322 1817 pastore
331 1755 409 1817 lupus,
421 1754 541 1817 fetumque
550 1761 685 1800 trementem

132 1819 182 1869 Ore
192 1828 253 1867 tenet
263 1835 354 1883 presso;
369 1826 429 1876 tum,
441 1817 460 1865 si
470 1817 565 1880 vestigia
574 1832 643 1865 cursu

133 1884 230 1933 Auditis
240 1884 321 1932 celeret
330 1883 445 1931 balatibus
454 1881 522 1929 obvia
532 1889 616 1945 pastor,
754 1879 803 1933 720

133 1949 192 1997 Jam
203 1948 294 1996 sibimet
304 1956 416 2005 metuens,
427 1946 553 2009 spirantem
563 1945 670 1993 dentibus
678 1944 733 1992 ‘nnis

135 2014 240 2075 ReJectat
250 2012 361 2075 predam,
373 2020 396 2058 et
405 2025 477 2059 vacuo
487 2010 548 2072 fugit
557 2026 617 2073 eger
623 2009 696 2056 biam.

135 2078 200 2125 Tum
212 2076 306 2124 demum
317 2074 407 2133 turmis,
419 2090 477 2137 quas
487 2074 663 2121 circumfuderat
671 2081 722 2120 atra

135 2142 279 2204 Tempestas,
292 2140 378 2203 Stygiae
387 2138 481 2187 taudem
491 2137 571 2201 sugere
581 2139 687 2186 tenebre.

136 2206 271 2269 Torpebant
280 2205 374 2262 dextre,
387 2213 410 2251 et
420 2218 467 2250 sese
475 2202 585 2249 meruisse
595 2203 709 2265 negabant
757 2199 806 2255 725

135 2270 242 2326 Servari;
260 2269 386 2333 subdimus
396 2267 463 2315 bonis
473 2281 540 2313 mens
550 2282 611 2329 egra
621 2267 729 2313 natabat:

135 2336 178 2394 Ut,
191 2334 232 2398 qui
242 2334 342 2396 collapsi
352 2331 424 2394 pressi
432 2331 524 2392 jacuere
535 2331 612 2389 ruint,

136 2400 212 2447 Eruta
222 2414 275 2446 cunr
287 2398 362 2445 subito
373 2396 486 2452 membra,
497 2403 521 2442 et
530 2410 577 2442 nox
588 2402 637 2442 utra
647 2393 745 2453 recessit,

138 2460 275 2523 connivent,
287 2462 404 2525 solemque
414 2467 500 2522 pavent
510 2473 630 2521 agnoscere
640 2458 698 2507 rim.

170 2528 233 2585 Quis
244 2526 308 2586 actis,
320 2526 402 2584 senior,
414 2531 535 2571 numerato
545 2523 619 2571 milite
628 2524 703 2583 laetus,
760 2522 809 2577 ’730

139 2592 216 2643 cona
227 2600 250 2639 et
260 2599 311 2639 tuto
321 2591 437 2654 repetebat
447 2588 473 2635 in
489 2602 571 2651 aggere
582 2595 661 2637 casne-
