1875 2917
145 83 178 131 84
284 82 396 133 SILIUS
413 82 588 133 Irnmcvs.
602 81 635 131 V.
651 80 692 127 26.

145 208 283 269 Protulerat,
293 213 413 275 stabatque
420 210 499 260 nitens
509 211 534 259 in
544 210 626 259 limine
635 208 727 272 prim03
791 205 831 253 26

145 274 208 322 Cum
218 275 296 324 minus
306 277 412 324 abnuerit
422 284 513 324 noctem
523 276 610 323 desisse
617 276 699 331 viator,

146 338 226 393 Quam
236 341 330 403 coepisse
340 341 417 397 diemr
436 339 526 389 Consul
535 342 644 403 carpebat
654 337 756 400 iniquas,

146 400 303 467 Progrediens
312 402 376 468 signa
387 406 445 469 ipsa,
456 405 520 461 viasr
538 404 664 467 omnisque
670 403 752 449 ruebat

145 467 239 516 Mixtus
250 485 332 533 eques;
350 484 391 517 nec
401 470 503 517 discretis
513 470 573 517 levia
583 484 649 516 arma
658 464 777 528 maniplis,
789 463 828 510 30

146 532 277 597 Insertique
287 534 357 597 globo
367 533 463 597 pedites,
475 542 499 581 et
508 533 591 581 inutile
601 532 677 579 Marti

145 596 260 645 Lixarum
271 598 364 661 vulgus,
376 613 480 662 praesago
490 606 572 645 cuncta
582 596 687 645 tumultu

145 661 255 725 Implere,
267 678 293 710 ac
304 678 408 726 pugnam
418 662 548 725 fugientum
559 677 623 709 more
632 661 749 725 petebant.

145 724 212 773 'l'um
222 743 290 791 cuper
300 728 349 791 ipse
359 728 431 785 lacus,
442 726 538 774 densam
548 725 645 789 caligine
655 724 716 773 caecis

145 790 266 839 Exhalans
277 792 395 850 nebulam,
406 792 452 839 late
460 799 591 854 corruperat
601 804 693 838 omnem
791 786 828 833 ³5

146 854 297 918 Prospectum
309 856 413 913 miseriss
430 863 500 918 atque
510 866 565 903 atrae
575 854 648 902 noctis
659 851 745 901 amictu

146 919 272 982 Squalebet
282 935 387 984 pressum
397 921 461 983 picea
470 920 531 978 inter
540 919 621 966 nubila
631 918 722 966 coslum.

146 982 198 1031 Nec
209 985 308 1032 Poenum
319 984 407 1047 liquere
417 984 473 1031 doli.
495 984 573 1043 Sedet,
584 999 638 1031 ense
648 988 748 1045 reposto,

145 1047 259 1108 Abditus,
269 1058 292 1096 et
302 1048 374 1096 nullis
383 1057 543 1113 properantem
554 1048 685 1096 occursibus
695 1051 766 1093 arcet·

146 1112 185 1160 Ire
195 1111 263 1161 debir
270 1128 280 1169 r
288 1124 289 1127 ’
296 1113 410 1176 longeque
420 1122 492 1177 patet,
503 1129 545 1161 ceu
555 1129 611 1177 pace
621 1110 709 1176 quietis,
787 1108 825 1155 40

146 1176 327 1237 Incustoditum,
339 1192 395 1225 mox
405 1176 555 1236 irremeabile,
566 1178 630 1225 littus

146 1241 258 1306 Namque
268 1244 312 1290 sub
323 1250 431 1305 angustas
442 1250 528 1290 arctato
538 1242 613 1289 limite
622 1241 701 1288 fauces

146 1306 177 1353 lu
188 1306 292 1355 fraudem
301 1307 398 1355 ducebat
409 1306 465 1363 iter;
484 1306 651 1369 geminumque
659 1302 756 1366 receptis

145 1369 263 1429 Eritium,
272 1370 326 1419 hinc
334 1386 411 1433 rupes,
419 1370 474 1419 hinc
483 1370 554 1418 unda
561 1371 667 1429 claustra,
678 1368 823 1433 premebant

145 1433 183 1481 At
193 1450 248 1483 cura
258 1437 366 1483 umbroso
377 1435 575 1484 servabatvertice
582 1434 668 1482 montis
788 1433 822 1478 45

146 1498 263 1547 Hostilem
273 1500 411 1563 ingressum,
423 1500 515 1563 refugos
524 1497 632 1547 habitura
641 1500 686 1546 sub
695 1498 754 1545 ictu.

146 1562 221 1610 Haud
231 1580 294 1613 secus
305 1580 332 1611 ac
342 1564 424 1612 vitreas
435 1565 514 1612 sollers
523 1563 621 1627 piscator
631 1563 662 1610 ad
672 1561 756 1621 undas,

145 1626 196 1675 Ore
205 1628 279 1677 levem
289 1629 369 1692 patulo
379 1637 459 1677 terens
469 1629 499 1676 tle
509 1628 597 1675 vimine
605 1642 707 1687 nassum,

146 1691 244 1741 Cautius
254 1693 361 1741 interiora
370 1693 436 1757 ligat,
448 1693 595 1756 mediamque
604 1707 648 1754 per
657 1692 748 1750 alvum,

145 1756 236 1805 Sensim
247 1758 365 1821 fastigans,
376 1772 506 1821 compressa
515 1757 636 1805 cacumina
645 1756 733 1813 nectit;
787 1756 823 1803 bc

145 1820 184 1869 Ac
194 1821 275 1870 fraude
285 1822 365 1871 arctati
376 1838 477 1870 remeare
486 1821 605 1869 foraminis
614 1830 676 1869 arcet

145 1886 246 1934 lntrcitu
257 1886 358 1946 facilem,
370 1902 440 1949 quem
449 1887 522 1934 traxit
530 1888 561 1933 ab
571 1901 672 1949 aequore,
682 1884 780 1949 piscem·

177 1950 258 2015 Ocyus
269 1951 355 1999 interea
365 1951 463 2015 propelli
473 1951 539 2013 signs
547 1952 645 2011 jubebat

144 2014 265 2064 Exoussus
277 2014 475 2065 Consulfatonum
487 2013 579 2063 turbine
588 2023 707 2071 mactetur

144 2079 234 2140 Donec,
247 2080 411 2128 flammiferum
421 2080 527 2129 tollentes
537 2094 629 2142 aequore
639 2094 741 2138 cunum,
787 2077 819 2126 55

145 2144 206 2191 Solis
217 2144 271 2207 equi
281 2146 383 2207 sparsere
392 2144 464 2192 diem.
494 2144 608 2205 Jamque,
620 2146 675 2191 orbe
684 2152 774 2203 rmatc,

144 2206 253 2255 Diluerat
263 2209 359 2255 nebulas
369 2207 450 2266 Titan,
461 2208 592 2269 sensimque
602 2208 690 2255 fluebat

143 2270 227 2332 caligo
235 2272 345 2330 in‘terras,
357 2271 430 2318 nitido
440 2272 540 2319 resoluta
550 2285 637 2319 sereno.

146 2333 216 2380 Tunc
226 2335 281 2393 ales,
292 2334 394 2397 priscum
404 2335 497 2397 populis
507 2335 537 2382 de
546 2349 611 2382 more
621 2333 713 2381 latinis

144 2396 295 2459 Auspicium,
305 2412 359 2444 cum
370 2398 432 2446 bella
441 2407 533 2461 param,
544 2407 680 2461 mentesque
689 2397 794 2445 Deorum

145 2458 278 2522 Explorant
288 2476 357 2523 super
367 2471 460 2521 eventu,
472 2478 513 2510 ceu
524 2462 619 2524 prescia
627 2463 712 2521 uota,
789 2460 818 2509 cl

144 2521 276 2571 Damnavit
285 2525 354 2584 vesci,
367 2525 509 2591 plmctuque
519 2526 629 2573 abmenta
638 2526 734 2589 refugit.

145 2584 199 2635 Nec
209 2600 279 2635 rauco
290 2596 371 2637 taurus
380 2590 564 2640 mavitflebile
573 2589 604 2637 sd
614 2604 667 2637 aras
