1875 2917
156 67 206 133 296
279 65 392 116 sunus
409 65 584 116 ITALIGUS.
602 65 649 114 XI·
666 65 723 120 202.

155 195 190 243 nt
199 195 274 257 major
285 194 369 258 capud
377 209 444 242 mens
454 195 615 258 imperterrita,
627 194 689 243 mole
796 193 848 250 207

156 259 249 307 Inuicti
256 261 340 320 stabat,
352 268 464 322 torvoque
474 259 576 308 minacia
587 260 653 307 vultu

156 324 229 372 Jussa
239 324 314 384 ducis,
325 325 446 388 verbisque
457 324 526 372 etiam
538 324 664 372 incessebat
678 322 775 371 amaris.

156 387 237 447 Quem
247 388 330 451 Libya
340 399 423 447 rector,
434 394 469 436 tot
479 389 545 451 signa
555 397 590 437 tot
600 405 665 436 arma
674 388 777 436 ferentes
794 388 847 437 210
929 403 930 416 ’

152 453 314 516 Spernentem‚
325 453 473 516 increpitans,
485 469 573 515 magno
585 454 684 502 &more
694 453 828 516 profatur:

191 519 279 566 “Post
296 518 407 577 Paulum,
423 529 477 581 post
493 517 646 578 Flaminium,
664 517 845 581 componimur,

254 581 329 630 cheul
929 597 930 602 ¹

157 645 258 694 Veeordi
268 646 351 707 Decio,
361 661 455 695 mecum
465 645 563 694 certine
572 646 659 694 volenti

156 710 187 758 Iu
198 710 267 758 dectus
277 719 300 758 et
310 711 398 771 famam
408 710 455 758 leti.
481 711 575 774 Rapite,
590 711 622 758 ite
633 711 704 769 citati,

157 775 321 838 Signa‚ducee.
347 774 458 824 Pateatne
466 775 525 822 milri
536 775 658 839 Campana
667 785 761 824 vetante
790 777 843 824 215

158 840 221 888 Urbs
231 840 313 900 Decio,
325 839 443 903 explorare
453 840 518 900 libet,
529 854 589 888 nova
601 841 662 888 bella
672 841 778 889 moventi

158 903 205 951 (lui
215 906 311 967 patrima
322 905 407 968 Alpes,
418 918 476 952 saxa
483 904 627 968 impellentia
638 904 733 964 coelum,

157 969 238 1031 Atque
248 969 289 1016 uni
301 970 387 1017 calcata
398 968 511 1017 Deo.'‘-
518 969 653 1017 Suffuderat
663 985 704 1017 ora

157 1032 274 1094 Sanguis;
291 1043 314 1081 et
325 1050 339 1081 a
349 1042 414 1081 torvo
425 1033 550 1096 surgebant
560 1033 650 1082 lumine
660 1033 770 1082 flamma.

158 1096 223 1144 Tum
235 1097 305 1145 rietus
316 1113 435 1162 spumans,
447 1107 471 1146 et
481 1097 570 1146 anhelis
581 1098 687 1146 faucibus
698 1108 751 1147 acta
790 1100 842 1147 220

156 1161 288 1210 Versabunt
298 1163 390 1226 penitus
401 1161 478 1227 dirum
489 1162 587 1226 suspiria
596 1177 709 1210 murmur.

156 1227 197 1275 Sic
208 1229 289 1275 urbem
299 1228 411 1285 invectus,
422 1236 471 1275 toto
482 1227 605 1274 eomitante
615 1235 704 1287 senatu,

156 1291 191 1338 Et
201 1291 272 1354 vulgo
282 1293 312 1339 ad
323 1291 446 1354 spectanda
455 1291 520 1339 ducis
531 1291 602 1339 simul
612 1305 652 1338 ora
662 1299 753 1352 ruente,

156 1355 266 1402 Effundit
276 1367 383 1404 cunctam
393 1356 490 1416 rabiem,
501 1355 633 1419 irammque
644 1356 763 1419 procellae.

189 1420 287 1467 Necnon
298 1429 322 1468 et
332 1421 406 1468 Decio
416 1421 524 1484 propIora
533 1419 635 1483 pericula
645 1429 749 1468 mentem
789 1423 840 1469 225

157 1483 333 1541 Flammdraut;
352 1494 492 1548 tempusque
502 1484 559 1532 adeo
570 1487 676 1532 cernebat
686 1485 774 1545 adesse,

156 1546 213 1606 Quo
223 1548 304 1596 laudes
314 1549 379 1598 ducis
389 1549 469 1597 invicti
477 1558 594 1612 superaret
603 1549 705 1597 inermis.

155 1611 213 1660 Non
224 1613 292 1660 illum
303 1613 368 1677 fuga,
379 1628 426 1661 uon
437 1614 509 1662 clausi
519 1613 639 1662 occuluere
649 1621 757 1676 penates:

156 1676 204 1724 Sed
214 1677 281 1736 liber,
292 1679 364 1726 veluti
374 1678 453 1726 nullus
463 1677 605 1741 penetrbaset
614 1678 639 1726 in
650 1680 732 1727 urbem

157 1741 286 1802 Hannibal,
298 1743 412 1806 intrepido
422 1750 551 1791 amaverat
561 1743 608 1790 otia
617 1744 700 1800 vultu;
789 1743 840 1792 230

156 1805 220 1854 Cum
228 1807 339 1867 juvenem
350 1807 417 1856 savia
429 1805 599 1872 (horrendum)
612 1807 713 1856 concitus
724 1807 799 1857 armis

156 1870 277 1919 Invadunt
286 1871 378 1936 globus,
387 1881 411 1920 et
420 1872 518 1936 pedibus
529 1873 629 1920 sublime
640 1872 739 1921 sedentis

157 1934 269 1983 Ductons
279 1937 369 1985 risum
398 1936 478 1985 Tonat
488 1936 542 1984 inde
552 1936 665 1985 ferocibus
675 1937 722 1986 alte

157 1999 276 2049 Incessens
286 2002 358 2050 victor
366 2001 441 2060 dietis
459 2004 477 2031 “
486 2001 584 2049 Soluene
591 2010 697 2050 urentem

156 2063 257 2125 Fulcire,
269 2073 293 2114 et
302 2081 407 2115 revocare
417 2081 486 2130 paras
496 2082 511 2114 a
520 2065 610 2124 funere,
622 2067 744 2114 Romam?
787 2067 839 2114 235

157 2127 181 2176 0
191 2127 300 2177 demensi
318 2146 356 2188 en,
368 2132 410 2194 qui
420 2131 510 2178 Divum
521 2129 580 2176 mihi
591 2145 689 2178 munera
697 2140 762 2178 tanta

156 2190 264 2252 Eripiat!
283 2193 356 2240 Decio
366 2209 459 2256 prorsus
470 2195 577 2242 servabar
587 2194 656 2242 inerti

156 2253 301 2315 Vincendus,
313 2256 386 2305 Decio
395 2258 493 2317 imbelli,
505 2258 543 2306 cui
552 2258 640 2319 femina
648 2259 721 2319 nulla,

157 2315 219 2363 Orta
228 2319 253 2364 in
263 2321 394 2382 Agenoreis
404 2332 487 2370 noanae
495 2321 643 2384 Carthaginis
653 2323 707 2382 oris,

158 2379 272 2429 Gesserit:
284 2383 348 2441 huic,
355 2385 465 2446 agedum,
477 2388 543 2451 (nam
551 2400 592 2433 cur
600 2387 697 2450 indigne
704 2387 844 2450 feramuel)

158 2441 321 2514 Magnanimo,
332 2448 409 2507 miles,
420 2450 513 2498 meritas
523 2449 613 2498 innecte
623 2451 740 2499 eatenaa'‘
793 2453 843 2500 241

158 2503 258 2554 Dixerat
267 2509 331 2555 hac:
350 2513 451 2560 necdum
461 2513 533 2561 finem
544 2515 646 2564 convicia
658 2517 759 2573 nbrant3

158 2566 220 2614 Cum
231 2569 280 2618 fera
289 2587 347 2633 gena
358 2574 426 2625 Decii
436 2577 550 2626 consumi
559 2587 650 2640 pectore
660 2595 744 2644 eorpus
