1875 2917
168 69 214 119 tut
289 67 402 118 smus
419 65 594 118 susumus
611 67 645 116 X.
661 68 718 118 459.

165 197 272 262 Agnovit
281 211 379 311 Ἥ
391 196 528 272 meetisqtue
537 197 632 248 nuribus
642 213 719 246 eorem

165 263 294 311 Hinnitum
368 262 434 321 dens,
445 269 527 310 sternit
537 263 621 310 tellure
631 263 767 326 Vugesum,
803 265 856 312 460

164 327 244 388 Quem
255 338 312 377 tuno
321 327 412 391 captivo
421 329 529 391 portabat
537 325 563 374 in
574 327 669 391 agmins
678 327 757 375 dorso.

167 391 239 451 Hinc,
248 393 355 457 rapidum
366 393 496 503 {pomerum
504 405 607 450 mrsum,
616 407 657 456 per
664 392 758 440 lubrica
766 393 857 458 pingui

166 457 247 505 Stante
257 473 336 506 cruore
346 471 372 505 so
381 457 388 467 ⁶
399 465 424 504 et
433 455 534 503 multata
542 456 653 506 osduveru
662 457 736 518 unde,

165 520 259 580 Evolat,
271 538 298 570 oe
308 521 397 570 domini
407 520 509 569 consistit
519 520 543 566 in
555 535 596 569 ors
603 522 706 583 joosutis.

167 585 236 646 Inde,
247 587 370 634 inclinatus
380 586 447 643 oolla,
458 593 483 633 et
493 585 621 634 submissus
632 587 656 633 in
668 601 756 647 armos,
805 589 857 636 465

168 649 207 699 De
217 667 282 700 more
291 651 382 699 inflexis
392 651 511 715 prebebat
518 649 626 699 scandere
636 659 701 714 terge

168 715 289 776 Omnbus,
300 731 327 764 oo
337 716 430 779 proprio
441 714 543 778 quodam
555 715 685 778 trepidabat
695 731 784 765 umore.

169 780 248 828 Milite
258 797 306 829 non
317 781 359 829 illo
369 780 493 844 quisquam
504 779 593 826 felicius
604 780 652 827 aori

170 845 298 894 Insultirut
307 861 376 910 equo,
388 845 425 893 rel
435 844 455 891 si
464 843 574 906 resupina
584 843 653 892 uitato

169 910 289 971 Projeotus
299 911 366 958 dorso
377 909 445 957 ferret
455 921 509 956 oum
520 911 635 967 membru,
647 909 684 956 vel
695 908 760 958 idem
803 912 856 968 470

168 973 194 1022 Si
205 975 269 1021 nudo
279 983 349 1023 staret
358 983 431 1037 tergo,
442 974 500 1020 dum
510 981 577 1036 rupte
587 973 686 1021 volucris

169 1038 317 1101 Tmnsigeret
327 1054 395 1087 cursu
406 1037 497 1101 sonipes
506 1037 631 1085 eertuminu
642 1038 726 1102 esmpi.

201 1104 237 1151 At
248 1103 329 1168 Libys,
341 1105 456 1151 humanos
466 1110 596 1166 sequentem
608 1111 700 1165 pectore
710 1119 795 1153 senous

170 1168 244 1216 Haud
253 1184 321 1231 puros
331 1169 429 1215 minutus
440 1182 536 1230 equum,
548 1165 646 1230 quinum
656 1167 697 1215 ino
708 1168 812 1219 sinistrae

116 1293 120 1297 ,
168 1231 295 1296 Depugnet
305 1232 374 1281 morti
382 1233 483 1294 juvenis,
494 1245 625 1294 nomenque
636 1231 763 1297 decusque,
804 1237 857 1292 ⁴7⁵

168 1297 285 1358 Erogitut,
297 1298 338 1345 leti
354 1313 384 1344 ue
394 1296 467 1343 simul
476 1295 613 1358 compendio
622 1296 700 1344 donet.

169 1362 218 1409 Hie
229 1361 305 1409 Cinna
315 1314 357 1426 (ud
369 1360 455 1424 Tyrios
465 1373 568 1424 numque
578 1360 600 1408 is
610 1375 652 1409 suu
662 1371 762 1410 verterat
773 1379 854 1426 armo,

168 1425 282 1473 Credulus
293 1426 402 1484 adversis,
414 1434 438 1473 et
447 1434 500 1472 tum
511 1439 588 1473 comes
598 1425 647 1473 ibet
658 1425 749 1488 ovanti)

168 1489 302 1538 “Auribus
316 1490 397 1550 hnio‚''
413 1489 499 1553 inquit,
518 1491 535 1518 “
546 1489 628 1538 ductor
638 1491 771 1553 fortissime,
782 1495 853 1558 origo

266 1564 301 1602 est

169 1621 224 1669 Nou
235 1619 332 1683 indigno
341 1619 395 1667 tuis.
428 1617 556 1677 Quondam
567 1622 611 1668 sub
621 1622 713 1684 regibus
723 1621 774 1681 ills,
800 1625 853 1673 480

168 1686 230 1745 Quae
240 1684 340 1747 nioyoes
350 1683 427 1732 renuit
436 1682 521 1741 frenos,
533 1686 577 1732 sub
588 1685 681 1748 regibus
691 1686 747 1733 olim

168 1751 247 1798 Romu
254 1749 306 1796 fuit.
339 1748 385 1798 Sed
396 1748 466 1806 enim,
479 1747 562 1795 solium
574 1749 695 1814 indignato
705 1751 817 1815 Superbi,

167 1815 202 1862 Ut
213 1822 302 1876 seeptro
312 1813 397 1876 exegit,
409 1811 529 1860 confertim
541 1812 645 1876 ingentio
655 1815 717 1863 belis

168 1878 265 1928 clusina
275 1879 358 1926 smine
368 1878 452 1925 domo:
470 1877 491 1924 si
503 1877 604 1926 Porsena
613 1879 684 1928 fundo

166 1942 272 1992 Auditus
281 1942 332 2001 tibi,
344 1942 364 1990 oi
375 1942 464 1997 Cocles,
476 1941 495 1989 si
506 1943 584 2006 nydn
593 1953 682 1992 susus:
800 1949 851 1998 485

167 2008 220 2067 Ille,
232 2023 276 2070 ope
286 2007 391 2055 Maeonii
401 2016 424 2054 et
433 2007 521 2070 populo
532 2009 661 2058 suooinetue
672 2009 780 2072 Euneon,

167 2073 276 2121 Certobot
283 2073 362 2134 pulsos
371 2087 413 2134 per
422 2071 485 2119 belis
494 2087 603 2136 reponere
613 2089 685 2138 reges.

167 2136 248 2184 Multo
259 2137 316 2184 odeo
326 2136 485 2200 nequidquam
496 2137 562 2184 ausis
580 2141 708 2203 pressitque
718 2147 835 2204 tyrannus

166 2200 466 2323 Jmicultppnminoumbms.
498 2201 547 2249 Ubi
565 2215 630 2262 mox,
649 2206 700 2265 jam
717 2221 775 2268 poce
793 2225 852 2273 pro.

167 2325 328 2388 Compresssre
338 2327 399 2386 odiu
411 2336 434 2375 et
443 2329 545 2391 positum
556 2345 611 2378 oum
621 2331 705 2380 fodere
715 2334 817 2398 benum,

167 2387 342 2452 Obddibusque
352 2392 534 2451 obsistentium,
546 2408 707 2444 mansuescere
717 2399 786 2447 uordu
799 2403 847 2452 491

168 2451 261 2507 Nescio,
273 2467 316 2513 pro
327 2455 426 2517 Superi!
443 2464 467 2503 et
478 2457 512 2504 nil
523 2471 570 2506 non
581 2459 672 2508 immite
682 2471 764 2524 paratu

168 2515 233 2560 Gens
244 2515 331 2563 Italum
341 2532 384 2579 pro
393 2520 463 2567 luude
474 2521 523 2584 poti
533 2522 540 2569 i
558 2522 602 2570 Bis
611 2524 693 2572 Gloelis
703 2539 770 2576 senos

169 2576 283 2624 Nondum
293 2581 421 2643 oompltirot
431 2584 537 2647 pnmaevi
547 2588 647 2652 eorporis
657 2603 738 2650 nunes,
