1875 2917
141 103 189 154 alu
263 101 376 152 SllrlUS
392 97 569 152 lranlcus.
584 100 633 152 XI.
649 103 705 152 Μ.

142 229 591 296 Necluxtsullusmmsaquelrbidine
601 232 656 282 vite
779 233 834 284 429

144 297 271 362 Campania
281 297 380 344 modust
398 297 554 355 accumulant,
566 297 688 362 variasque
697 311 741 362 per
751 305 819 347 artes

144 364 280 419 Socratem,
291 368 379 409 certent
417 361 469 409 ulus
480 361 621 424 distinguere
631 361 703 410 ludet
779 363 832 412 431

144 427 181 475 Ut
191 425 272 488 strepit
281 425 372 474 amidue
380 377 509 488 {ingiam
520 425 551 473 ed
559 425 663 474 Nilotica
673 427 739 475 loton

146 489 268 566 Memphis
278 489 400 554 Amyclaeo
409 489 495 552 passim
506 490 593 539 lascive
602 489 707 556 Canopo.

147 557 267 618 hprrmra
276 555 378 611 duleum
390 554 463 601 Poeno
471 554 573 613 mtante,
584 569 627 618 per
636 570 704 604 aures

146 619 220 668 Nune
230 634 285 667 voce
294 618 398 666 infundit
406 617 532 678 Teuthras,
541 633 605 667 nunc
612 619 711 682 pectine,
723 628 834 671 eantrun.

148 685 220 748 laque
229 683 271 731 ubi
281 683 403 730 mirantem
414 683 544 730 resonantia
552 683 637 746 pollice
645 684 687 732 fils
781 688 835 736 436

148 749 276 796 Ductorem
287 746 345 795 vidit
355 747 446 810 libye,
457 761 539 795 canem
547 747 604 798 inde
614 750 726 812 supmbas

148 812 234 860 Aonie
240 811 321 860 laudes
331 810 416 858 sensim
423 811 546 860 testudinis
556 825 631 871 orsus,

149 876 291 926 Concordem
302 875 395 923 citharas
404 876 478 924 movit
487 891 529 939 per
539 877 642 925 ceruum
652 877 770 941 lingnam,

150 941 250 990 Vincere
260 940 390 1004 linquentes
400 939 472 987 ritem
481 956 535 1003 quae
545 941 616 1004 possit
627 941 708 990 olores.
782 946 835 996 tto

149 1006 232 1069 Atque
241 1005 292 1052 haec
301 1019 315 1052 e
324 1003 406 1051 multis
416 1004 501 1067 carpsit
511 1005 648 1054 mollissima
654 1021 743 1056 measa

151 1069 237 1132 [Facta
247 1069 343 1132 antique
352 1068 436 1127 virum,
447 1069 550 1132 placidas
562 1070 616 1134 quis
626 1071 729 1120 muleeat
740 1077 835 1142 aurea]

181 1132 298 1196 Argolicis
308 1132 425 1196 quondam
437 1133 529 1198 populis
539 1133 658 1194 (mirabile
665 1135 731 1184 dictu
739 1137 765 1199 l)

150 1197 270 1247 Exaudite
280 1197 365 1260 chelys,
374 1197 477 1260 lapidem
485 1198 600 1246 testudine
607 1199 664 1248 felir

152 1263 252 1321 Ducere,
264 1270 287 1310 et
297 1261 322 1308 in
332 1276 411 1308 muros
421 1262 525 1325 posnme
535 1263 636 1311 volentia
646 1279 710 1313 saxu.
784 1268 836 1317 445

151 1328 211 1376 Hoec
220 1325 365 1390 Amphionio
375 1325 469 1374 vallavit
479 1327 569 1390 pectine
580 1327 683 1390 Thebas,

151 1393 199 1451 Ac,
210 1391 272 1439 silice
282 1389 405 1453 aggeribus
415 1405 457 1452 per
467 1407 492 1439 se
502 1391 625 1440 scandente
634 1393 729 1454 vocatis,

149 1455 229 1507 lussit
237 1455 263 1502 in
273 1455 415 1502 immensum
425 1463 527 1504 canutas
537 1471 630 1519 surgere
640 1466 724 1508 turrea.

151 1521 242 1579 Altera,
253 1521 373 1567 turbatum
382 1519 470 1583 plectro
480 1520 599 1568 moderata
609 1522 764 1586 profundum,

151 1587 186 1635 Et
196 1583 270 1633 tenuit
279 1583 372 1648 phoca,
384 1592 408 1631 et
417 1583 443 1630 in
453 1585 520 1632 ornni
531 1585 617 1633 Protea
626 1586 703 1638 tonnt
784 1592 837 1641 450

152 1650 245 1710 Traxit,
256 1656 280 1696 et
290 1663 395 1711 aequmeo
404 1649 504 1711 portarit
513 1649 605 1698 Ariona
615 1649 690 1700 dorso.

151 1715 218 1773 Jam,
229 1729 283 1779 qum
290 1712 384 1761 Peliacis
393 1712 509 1761 formabat
518 1729 577 1776 rupe
588 1715 691 1764 mnendo

151 1779 259 1828 Heroum
269 1786 359 1826 mentes
368 1786 392 1826 et
401 1777 483 1840 magni
490 1786 582 1842 pectora
588 1779 698 1842 Achillis,

151 1844 269 1892 Gmtauro
279 1841 362 1890 dilecta
371 1841 401 1890 ch
460 1852 613 1906 compesceret
622 1844 677 1904 iras,
729 1871 732 1875 ·

154 1907 267 1956 Percussi
277 1905 331 1966 tide,
342 1906 379 1954 vel
458 1905 464 1916 ’
477 1907 514 1955 vel
525 1907 595 1956 tristis
606 1908 704 1958 Averni.
784 1914 837 1964 455

153 1973 265 2035 Namque
275 1969 350 2029 chaos,
366 1985 449 2018 cecam
461 1971 580 2034 quondam
591 1973 640 2022 sine
650 1974 724 2023 sidere
734 1977 838 2044 molem,

154 2038 210 2085 Non
221 2043 328 2098 surgente
337 2034 383 2094 die,
395 2049 422 2082 ac
431 2035 549 2084 mundum
560 2036 610 2085 sine
619 2037 672 2087 luce
682 2043 789 2094 canebat.

155 2100 230 2159 Tum,
241 2100 307 2147 Deus
316 2107 344 2146 ut
353 2098 437 2162 liquidi
447 2099 551 2148 nactast
558 2110 640 2165 stagna
648 2104 767 2168 profirndi,

154 2164 303 2227 Tellurisque
313 2163 409 2226 globum
419 2163 498 2211 medii
508 2179 619 2241 compage
629 2167 740 2217 lootsm

154 2229 190 2276 Ut
200 2227 287 2275 odeum
298 2227 392 2289 Superis
402 2227 507 2276 habitare
514 2228 613 2278 dedisset
623 2230 767 2298 Olympum,
784 2237 840 2288 460

154 2291 270 2354 Castaque
280 2291 374 2340 Saturni
384 2295 528 2340 monstrabat
537 2295 621 2343 secula
631 2297 719 2360 patriar

154 2354 209 2411 sed,
221 2368 279 2417 quos
290 2355 396 2419 pulsabat
406 2355 533 2420 Rhipaum
544 2358 575 2405 ed
584 2359 719 2424 Strymona,
730 2366 807 2428 nervi,

153 2416 258 2464 Auditus
269 2418 371 2481 Superis,
382 2419 476 2469 audinus
486 2420 600 2471 Manibus
608 2424 728 2490 Orpheus,

153 2478 258 2528 Emerita
267 2481 359 2544 fulgent
368 2483 430 2532 clara
440 2483 500 2532 inter
510 2485 584 2534 sidera
594 2489 658 2544 culo.

152 2543 226 2589 Hunc
235 2543 305 2592 etiam
315 2554 396 2607 mater,
407 2546 457 2595 toti
467 2549 591 2599 confitente
601 2567 705 2604 mmmm
781 2561 836 2612 465

151 2604 273 2654 Aonidum
281 2608 359 2670 turbd,
367 2619 442 2660 mater
450 2613 535 2662 mirata
545 2624 672 2666 mneutan.
