1875 2917
152 83 202 130 alt
267 80 384 132 'alama
400 77 574 130 l'rnmcna
591 75 640 126 xl.
656 77 713 125 too.

152 209 261 258 Exitium
271 219 380 273 aeoepto3
397 209 511 272 citiusque
519 208 570 256 hac
580 206 666 255 foedera
675 206 759 266 vietor,
787 207 839 253 58⁰

147 275 234 334 Quam
244 276 325 335 victua,
337 274 408 322 dabit
435 274 518 336 Atque
528 273 593 331 adeo,
602 271 644 335 qui
655 279 721 318 tanta
732 272 840 334 superbo

153 339 224 386 Facta
234 354 302 387 eonas
312 355 358 398 ore,
370 348 393 386 et
404 338 524 400 spumanti
534 337 626 384 turbine
635 335 720 399 perflas

60 427 64 430 ·
153 403 306 466 Ignorannlm
317 419 390 461 aurea,
402 403 447 462 dic,
459 417 496 461 en,
508 416 633 464 germanus
643 400 667 446 in
679 398 752 446 armis

153 467 199 514 Ille
209 477 271 526 tuus,
282 484 324 531 par
336 467 445 525 Gradivo,
457 474 511 530 (per
521 466 604 513 saeoula
613 463 683 512 tellus

154 531 200 580 Cui
210 532 309 580 similem
319 546 441 596 nunquam
452 531 569 578 ductorem
581 530 605 576 in
617 529 677 576 bella
687 525 791 588 creavit)

153 595 243 644 Moenia
253 596 376 644 Romuleae
385 611 426 643 cur
436 595 541 642 nondum
552 593 634 642 viderit
645 593 710 640 urbia
720 595 732 640 t
787 591 839 638 586

153 659 245 708 Seilioet
255 676 268 708 e
277 661 366 724 gremio
376 668 478 706 matrum
489 658 607 721 rapiamus
617 658 641 704 in
652 657 744 705 hostem

154 724 268 772 Nondum
279 724 396 788 portandis
405 723 494 771 habiles
505 722 647 785 gravioribus
658 720 747 769 armis?

154 789 248 836 AErataa
256 790 314 850 juaai
323 799 429 837 texamus
439 787 504 835 mille
514 787 610 844 carinas,

154 853 236 916 Atque
247 855 322 901 omnia
332 854 414 916 Libyae
424 861 541 916 quaeratur
552 852 629 898 bellua
639 850 712 909 terris,
788 851 839 898 59⁰

154 918 190 965 Ut
199 919 269 981 longa
278 918 383 982 imperio,
394 926 464 980 atque
475 925 574 963 armatos
584 924 690 979 proroget
699 929 778 962 annos

157 980 285 1041 Hannibal,
297 991 320 1029 et
331 996 428 1044 regnum
438 979 515 1027 trahat
525 995 598 1042 usque
609 981 634 1026 in
645 990 751 1042 tempora
762 979 827 1026 fati?

155 1044 207 1092 Vna
215 1062 268 1094 vero
279 1047 366 1111 (neque
377 1045 439 1093 enim
450 1045 539 1092 ootulto
548 1043 718 1092 circumdamur
728 1048 797 1104 astu)

157 1109 197 1157 Ne
207 1109 285 1159 duleee
296 1110 392 1173 apnlrate
402 1109 499 1165 domoa3
516 1109 641 1171 matrisque
651 1111 776 1172 potentum

155 1173 237 1236 Atque
247 1176 330 1239 opibua
340 1173 425 1222 sancite
435 1173 540 1221 modum.
566 1173 626 1232 Pax,
638 1172 727 1236 optima
736 1187 820 1219 rerum

155 1237 222 1298 Quae
231 1239 320 1287 homini
330 1239 419 1287 novinae
429 1239 511 1285 datum
522 1245 565 1296 eat,
576 1252 624 1301 pax
634 1253 682 1284 una
692 1235 823 1300 triumphis

156 1302 288 1352 Innumeris
298 1304 387 1367 potiorr
404 1318 460 1366 pax,
472 1302 585 1350 ouatndire
595 1303 693 1350 salutem
786 1301 837 1356 597

155 1366 190 1413 Et
200 1367 260 1416 cirea
271 1383 361 1432 aequare
372 1377 459 1431 potens,
471 1377 588 1414 revocetur
598 1366 623 1412 in
632 1380 693 1413 moer

157 1429 264 1479 Tandem
275 1432 395 1489 Sidoniam
413 1441 436 1479 et
446 1431 510 1479 fama
520 1431 613 1494 fugetur
625 1432 654 1478 ab
665 1431 723 1477 urbe
823 1447 826 1456 ·

157 1494 275 1556 Perfidiae,
286 1497 413 1556 Phoeniaaa,
425 1496 473 1543 mi.
502 1495 528 1543 Si
539 1503 604 1542 tanta
613 1494 686 1542 libido
786 1494 840 1541 60⁰

137 1615 140 1620 ⁸
156 1559 285 1608 Armorum
297 1569 366 1620 tenet,
378 1570 448 1636 atque
459 1575 523 1608 enaea
535 1573 581 1606 non
592 1559 685 1607 reddere
694 1563 785 1620 perstat

157 1624 265 1674 Poscenti
275 1626 355 1688 petrin
363 1646 371 1687 3
389 1626 423 1672 ml
434 1623 582 1687 suppeditare
592 1623 665 1671 furori

157 1688 254 1747 Hortor,
265 1698 289 1737 et
298 1690 348 1738 hare
357 1689 423 1737 fratri
430 1690 559 1751 Magonem
571 1686 632 1735 dicta
642 1687 752 1735 referre.”

189 1753 261 1802 Plura
271 1764 428 1804 annectentem
439 1752 597 1816 (nequeenim
609 1753 728 1800 satiaverat
737 1750 787 1799 iras

156 1816 273 1879 Dicendo)
285 1819 371 1866 elamor
381 1819 460 1865 turbat
469 1817 559 1864 diversa
569 1817 702 1865 volentlmr
786 1817 841 1864 6⁰5

156 1885 175 1909 ⁸⁴
183 1882 217 1941 si,
230 1882 312 1946 Libyae
322 1883 401 1941 denua,
412 1881 476 1929 hand
486 1881 531 1927 ulli
541 1880 678 1944 nuptu-abilis
687 1878 767 1939 amia,

156 1945 277 1994 Hannibal
287 1958 321 1995 est
330 1948 371 1994 irae
380 1947 431 2006 tibi,
443 1946 594 1993 destituemus
605 1945 636 1992 ed
645 1945 707 2010 ipone

154 2010 274 2058 Victorem
284 2011 374 2062 metas?
391 2026 433 2059 nec
443 2025 516 2074 opum
527 2009 662 2072 adjumenta
672 2009 795 2058 leremua?

155 2073 249 2122 Invidia
259 2076 330 2123 unius
339 2084 427 2139 aeeptra
438 2083 464 2122 ut
473 2076 523 2135 jam
532 2083 598 2137 parta
608 2073 706 2122 retardet
713 2071 743 2122 :³¹

187 2139 247 2186 Inde
256 2141 341 2187 alacres
351 2142 466 2197 tribuunt,
478 2154 531 2201 quae
540 2138 596 2186 belli
638 2147 709 2186 meret
718 2153 793 2187 uana:

154 2202 255 2249 Abaenti
271 2219 301 2252 ue
312 2219 380 2251 auum
388 2205 477 2264 iaetant
487 2204 532 2250 snb
539 2211 597 2250 teate
616 2217 715 2251 avonem.
784 2200 838 2252 tu

154 2265 217 2311 Mox
270 2282 307 2314 em
318 2267 383 2314 terrie
394 2268 505 2331 placitum
517 2266 634 2314 tradueere
645 2266 726 2326 Iberia,

154 2326 219 2374 Dum
232 2330 308 2377 malua
318 2333 430 2379 obtrectat
439 2332 500 2378 faeta
510 2331 651 2378 immortalia
659 2330 727 2391 livor,

154 2390 206 2438 Nee
216 2391 271 2443 sinit
280 2394 372 2454 adjutae
381 2395 482 2443 ductoria
493 2409 592 2442 metuere
601 2394 689 2443 laudea.
