1875 2917
138 56 170 103 tt
250 53 363 103 statos
380 51 555 104 murcos.
574 53 626 103 ΙΙΙ.
642 50 700 105 tto.

139 184 195 231 Non
207 192 285 231 tamen
295 182 400 231 werdere
410 191 504 247 queant
528 182 633 245 Jamque
642 182 693 247 ipse
704 192 811 241 tamtus,

139 246 190 304 Qui
201 247 300 295 Poeoum
310 256 400 295 revocet
409 249 499 311 patrio,
510 246 625 310 latioque
634 249 758 311 repulsum
771 248 820 298 tol

138 311 205 360 Ante
215 328 262 359 suo
273 326 352 359 muros
364 312 510 374 Carthaginis
520 323 591 358 exuat
600 312 679 359 armis

141 374 214 433 Hinc,
226 376 349 439 Cytherea,
358 375 404 423 tuis
415 376 487 437 longo
496 375 630 437 regnabitur
640 392 699 425 uro.

139 440 205 487 Exin
215 456 240 488 se
251 440 352 488 Curibus
363 440 434 487 virtut
445 440 541 487 coelestis
550 440 580 487 ad
593 448 654 487 astra

140 504 244 563 Efferet;
260 504 560 566 mmcdsaugebitrromen
572 504 632 551 lulis
771 508 824 555 695

140 568 255 617 Bellatrix
265 584 321 632 gens
331 568 442 616 baccifero
453 568 542 615 nutrita
551 568 647 617 Sabino.

142 632 206 680 Hinc
216 642 281 696 pater
292 633 395 695 ignotam
406 632 503 681 donabit
512 632 602 680 vincere
612 633 718 693 Thulen,

141 698 217 761 Inque
228 697 364 746 Caledonios
374 696 464 759 primus
474 696 550 744 trahet
557 697 652 759 agmina
661 699 742 755 lucos3

142 762 278 825 Compescet
287 761 344 823 ripis
355 760 466 808 Rhenum
476 778 484 807 t
500 769 564 823 reget
572 761 672 825 impiger
682 763 774 817 Afroat

141 824 338 887 Palmiferamque
348 840 417 873 senex
426 824 489 873 bello
498 824 620 873 domitabit
632 827 741 875 Idnmu.
766 827 820 874 660

142 890 194 937 Nec
205 890 283 953 Stygia
293 889 333 937 ille
342 888 406 937 lacus
416 888 560 951 viduataque
569 890 659 939 lumine
669 906 749 953 regna,

143 954 189 1001 Sed
200 955 314 1017 Superum
326 953 398 1012 mdes,
409 962 544 1016 nostrosque
554 954 641 1002 tenebit
649 956 755 1003 bonores.

144 1018 208 1065 Tum
217 1018 317 1078 iuvenis,
328 1032 414 1080 magno
423 1018 556 1081 precellens
565 1019 646 1066 robore
655 1020 749 1077 mentia,

141 1082 249 1145 Excipiet
259 1083 357 1145 patriam
368 1082 462 1139 molem,
474 1082 594 1145 celsusque
602 1081 696 1140 farcen,

144 1148 276 1209 AEquatum
287 1145 384 1210 imperio
394 1146 478 1199 tollens
487 1154 564 1208 caput.
597 1145 646 1195 Hic
655 1147 704 1195 fera
713 1148 792 1211 gentis

146 1212 215 1259 Bella
226 1210 355 1259 Palaestinae
364 1211 439 1273 primo
450 1209 536 1258 delebit
545 1210 570 1257 in
581 1226 638 1260 tero.
766 1213 819 1261 666

143 1276 179 1324 At
189 1285 215 1323 tu
226 1275 378 1333 transcendes,
390 1274 535 1332 Germanice,
546 1274 607 1322 facta
617 1273 723 1337 tuorum,

142 1341 200 1388 Jam
211 1354 269 1403 puer
278 1339 394 1387 auricomo
404 1338 679 1400 praeformidateBatavo.

146 1406 197 1451 Neo
207 1414 231 1451 te
241 1403 362 1451 terruerint
371 1402 467 1466 Tarpeii
478 1403 586 1451 culminis
596 1404 677 1466 igneae

144 1467 269 1530 Sacrilegas
279 1466 339 1515 inter
349 1467 454 1514 flammas
462 1470 579 1515 servabere
589 1469 670 1516 terris:
768 1469 819 1518 610

144 1532 208 1579 Nam
220 1540 243 1579 te
252 1533 322 1595 longa
332 1539 427 1579 manent
437 1531 508 1579 notui
516 1531 628 1580 consortia
638 1533 728 1581 mundi.

147 1596 211 1644 Huic
221 1596 286 1644 laxos
297 1610 363 1644 arcus
373 1596 429 1643 olim
438 1595 565 1658 Gangetica
574 1597 648 1657 pubes

72 1716 74 1719 ¹
145 1661 285 1717 Submittet3
303 1660 778 1725 vacuasqueostendetBactrapbaretras.

146 1724 194 1773 Hic
205 1733 228 1773 et
238 1727 268 1772 ab
277 1725 366 1773 Arctoo
376 1740 456 1771 currus
466 1732 520 1785 aget
529 1739 573 1772 axe
582 1740 624 1786 per
632 1726 736 1784 Urbem3

146 1791 223 1837 Docet
233 1798 256 1837 et
267 1790 338 1849 Eoos,
350 1788 443 1836 Baccho
452 1788 555 1847 cedente,
566 1790 703 1853 triumphos.
768 1791 819 1839 615

145 1854 220 1912 Idem,
232 1854 392 1915 indignantem
402 1852 556 1900 transmittere
566 1853 676 1903 Derdam
686 1854 760 1917 signa,

144 1919 275 1966 Sarmaticis
285 1918 357 1965 victor
366 1925 494 1981 compescet
503 1917 596 1965 sedibus
606 1918 702 1966 Istrum.

145 1982 212 2042 Quin
222 1992 245 2030 et
255 1981 383 2031 Ibomuleos
393 1981 509 2044 superabit
519 1996 574 2029 voce
584 1992 685 2045 nepotes,

147 2048 210 2106 Quis
220 2048 263 2095 erit
274 2046 365 2110 eloquio
375 2055 467 2109 partum
479 2046 563 2093 decus:
580 2045 635 2094 hnic
645 2063 687 2095 sua
697 2048 777 2096 Musae

148 2113 217 2159 Sacra
227 2112 314 2167 fereut3
332 2111 459 2173 meliorque
469 2110 529 2173 lyra,
541 2110 579 2157 cui
590 2112 692 2159 substitit
703 2112 807 2170 Hebros,

146 2176 180 2223 Et
190 2176 253 2223 venit
264 2174 386 2237 Rhodope,
399 2174 487 2222 Phoebo
497 2174 603 2221 robanda
613 2175 728 2239 loquetur.
771 2179 817 2225 621

148 2240 194 2287 llle
204 2240 282 2301 etiam,
294 2240 343 2303 qui
354 2239 428 2302 prisca
439 2238 522 2296 (vides)
533 2246 578 2286 stat
588 2240 652 2301 regia
662 2242 740 2302 nobis,

148 2304 228 2351 Aurea
238 2304 340 2367 'Parpeib
349 2312 419 2366 ponet
430 2302 546 2367 Capitolia
555 2318 620 2366 rupe,

150 2368 184 2413 Et
193 2368 276 2430 junget
285 2378 363 2415 nosco
375 2376 420 2415 tem
438 2367 515 2414 lorum
526 2368 629 2414 culmina
639 2367 703 2414 ooelo.

150 2430 228 2488 Tunc,
239 2445 254 2477 o
264 2440 318 2478 nate
326 2430 412 2487 Derim,
451 2430 640 2493 'vosquedature
652 2433 730 2481 boatus
774 2436 821 2483 oto

151 2493 253 2555 Imperio
263 2502 334 2545 terras
343 2495 418 2556 patrio
428 2510 489 2558 rege.
523 2495 602 2543 Tarda
612 2503 727 2544 senectam
