1875 2917
132 83 179 133 ibt
227 85 346 137 stilus
363 84 541 136 I'l'ALICUS.
557 84 635 134 Vlll.
650 85 707 140 472.

131 212 195 261 Huic
204 229 277 277 genus
287 214 375 262 orditur
385 214 474 275 Minos,
485 215 601 279 illusaque
610 223 678 263 tauro
756 210 814 266 ⁴72

131 278 261 341 Pasiphae}
278 278 379 342 clarique
388 278 470 327 dehinc
479 289 541 327 stant
551 279 631 327 ordine
640 286 723 342 patres.

131 342 214 389 Lectos
225 341 291 391 Caere
301 344 368 402 viros,
379 344 450 391 lectos
460 344 561 392 Cortona
572 342 665 406 superbi

131 405 270 454 Tarchonds
279 407 363 455 domus
373 417 396 455 et
406 416 491 456 veteres
501 409 585 456 misire
595 407 716 455 Grsrisee.
757 404 813 459 4Ίὸ

131 470 229 517 Necnon
238 472 349 533 Argolico
359 472 469 520 dilectum
479 473 536 520 litos
548 473 635 519 Haleso

132 534 237 593 Alsium,
249 544 272 583 et
282 538 473 600 obsessae'campo
483 536 602 600 squalente
612 534 732 598 Fregellae·

132 598 210 645 Affuit
221 608 244 647 et
255 599 323 647 sacris
334 600 445 663 interpres
456 600 561 647 fulminis
571 600 614 647 alis

132 662 233 723 Faesuls„
245 673 268 711 et
278 664 387 727 antiquus
398 665 509 729 Romanis
519 666 634 713 moenibus
645 664 732 723 horror,

132 726 256 775 Clusinum
266 729 365 791 vulgum
384 744 446 787 cum,
459 728 560 776 Porsena
574 743 668 791 magne,
677 730 776 789 jubebas

132 791 298 856 Nequidquam
307 793 385 855 pulsos
392 794 476 841 Romae
485 793 616 857 imperitare
622 795 744 855 Superbos.
756 790 807 838 481

165 856 243 915 Tunc,
255 872 313 920 quos
322 872 337 904 e
346 857 419 905 niveis
429 858 506 919 exegit
517 858 587 905 huna
596 857 706 915 metallis,

132 920 234 983 insigniis
245 930 322 983 portu,
335 936 382 984 quo
392 936 437 969 non
449 922 568 985 spatiosior
578 922 636 969 alter

132 984 270 1033 Innumeras
323 986 366 1033 isse
376 995 443 1042 retes,
455 994 479 1033 et
489 986 594 1033 claudere
604 994 711 1049 pontum,

133 1048 222 1096 Musoni
258 1064 288 1097 ue
314 1065 367 1097 ecus
377 1050 495 1114 quondam
506 1050 632 1098 Vetulonia
644 1049 726 1112 gentis
758 1049 812 1095 485

133 1112 241 1161 Bissenos
269 1129 301 1161 mc
311 1114 387 1177 prima
395 1114 459 1163 dedit
469 1114 594 1177 precedere
605 1114 686 1171 fasces,

133 1177 167 1224 Et
176 1178 256 1239 junxit
266 1178 361 1226 totidem
373 1179 440 1227 tacito
451 1188 535 1226 terrore
546 1194 649 1226 securesr

135 1242 194 1290 Hac
205 1244 263 1290 altas
274 1242 347 1290 eboris
357 1243 472 1291 decoravit
481 1243 567 1291 honore
580 1243 679 1301 curules,

134 1304 168 1353 Et
177 1307 283 1370 princeps
294 1306 366 1370 Tyrio
377 1316 462 1371 vestem
470 1307 593 1369 prseteruit
602 1315 678 1354 ostro:

134 1370 194 1419 Haec
204 1372 283 1418 eadem
295 1386 384 1434 pugnas
394 1372 515 1419 accendere
522 1370 618 1434 protulit
628 1386 678 1418 cere.
759 1370 816 1417 490'

136 1434 182 1481 His
193 1436 261 1483 mixti
273 1435 388 1497 Nepesina
398 1436 479 1483 cohors
490 1435 610 1498 AEquique
620 1433 712 1494 suino,

137 1498 231 1562 Quique
242 1508 300 1558 tuos,
313 1498 417 1558 Flavina,
429 1500 500 1555 focos,
512 1500 605 1547 Sabatia
615 1499 703 1562 quique

135 1563 222 1626 Stagna
232 1572 318 1621 tenent,
331 1563 465 1627 Ciminique
475 1563 561 1620 lacum,
573 1564 614 1627 qui
625 1563 703 1611 Sutria
713 1571 772 1610 tecta

136 1627 208 1674 Haud
216 1629 303 1691 procul,
311 1637 334 1675 et
344 1642 434 1675 ssorum
446 1627 535 1677 Phoebo
545 1629 644 1685 Soracte,
656 1627 812 1691 frequentant.

136 1691 230 1755 Spicula
240 1693 295 1741 bina
305 1701 404 1755 geruntc
421 1692 490 1755 capiti
501 1691 590 1739 eudone
599 1692 672 1739 ferino
759 1692 812 1739 sub

135 1757 177 1805 Sat
187 1766 296 1805 cantumc
316 1757 399 1820 Lycios
408 1756 522 1803 demnant
532 1755 653 1803 hastilibus
662 1770 736 1803 arcus.

169 1820 215 1869 llas
225 1822 309 1869 bellare
317 1822 376 1869 acies
386 1823 476 1869 nbrsut.
504 1820 540 1867 At
548 1820 651 1868 Marsica
659 1823 733 1883 pubes

136 1883 170 1933 Et
179 1886 265 1933 bellare
275 1900 355 1942 manu,
366 1893 389 1932 et
399 1883 514 1948 chelydris
523 1893 615 1932 oantme
625 1899 739 1947 soporem,
832 1890 835 1894 ’

137 1948 310 2013 Vipereumque
319 1949 396 1997 herbis
406 1948 513 1997 hebetare
523 1957 546 1996 et
556 1948 657 1996 carmine
666 1948 767 1996 dentem.

136 2014 212 2063 AEete
220 2014 317 2077 prolem,
326 2012 458 2075 Angitiam,
466 2013 530 2060 mala
537 2012 642 2077 gramina
653 2014 752 2076 primam
763 2012 814 2060 buu

137 2077 303 2126 Monstrerisse
313 2077 397 2137 ferunt,
409 2085 519 2141 tactuque
528 2077 623 2125 domare
633 2092 729 2136 venena,

136 2142 171 2190 Et
180 2142 261 2189 lunam
269 2142 392 2189 excussisse
402 2142 464 2205 polo,
476 2141 610 2189 stridoribus
620 2156 700 2189 amnes

137 2206 286 2265 Frentinum,
297 2222 324 2254 sc
335 2206 397 2254 silvis
408 2215 499 2253 montes
509 2205 608 2253 nudisse
619 2206 712 2254 roccus.

137 2270 183 2318 Sed
193 2271 285 2335 populis
295 2285 380 2318 nomen
392 2271 468 2345 posuit
476 2270 614 2319 metuentior
623 2269 714 2333 hospes,

137 2334 199 2381 Cum
210 2334 299 2397 fugeret
311 2335 425 2398 Phrygius
436 2343 499 2383 tram
506 2350 599 2397 equora
609 2334 706 2397 Marsya
714 2333 814 2393 ereum,

137 2396 292 2459 Mygdonium
305 2397 387 2446 Phoebi
397 2408 518 2461 superatum
528 2397 618 2461 pectine
627 2399 698 2446 loton.
765 2399 817 2445 bot

137 2458 296 2521 Marruuium,
308 2462 389 2510 veteris
399 2462 538 2511 celebratum
548 2462 642 2510 nomine
652 2462 735 2522 Marri,

138 2523 242 2571 Urbibus
252 2533 286 2573 est
296 2525 343 2572 illis
350 2534 428 2590 caput,
439 2526 579 2589 interimque
588 2540 630 2590 per
640 2525 700 2574 udos

136 2585 203 2633 Alba
213 2586 276 2635 sedet
286 2603 388 2651 campos,
399 2590 522 2653 pomisque
530 2589 636 2654 repmdit
644 2590 735 2640 arim
