1875 2917
147 73 194 124 130
258 74 371 127 simus
388 72 563 124 lutumve.
578 71 641 123 vn.
655 72 714 121 203.

146 202 287 253 Condiderat
297 218 406 262 comunes
424 202 546 268 positoque
555 202 634 251 labore
642 200 744 262 mmm,
774 201 829 249 333

147 268 232 319 Pacem
243 277 309 316 nocte
318 268 397 316 dstem
407 268 543 317 mortalibus
551 267 613 315 orbis
620 268 709 330 egebat.

147 332 237 442 sstnon
249 333 370 381 sidonium
381 332 441 381 curis
451 332 573 395 flagrantis
582 331 650 379 eorda
775 330 829 379 285

174 406 284 455 octonem,
296 398 422 461 vigilesque
433 406 509 445 metus
519 396 612 444 haurire
622 396 728 444 sinebant

147 459 217 509 Dona
227 460 355 525 soporifero
366 462 445 510 noctis.
471 462 535 509 Nem
546 462 652 509 membre
662 458 733 509 cubili

149 524 236 587 Erigit,
245 535 267 574 et
277 525 336 574 finivi
347 526 474 575 circumdat
484 525 544 588 pelle
554 525 635 585 leonis,

147 588 203 647 Qus
213 606 281 653 super
290 590 405 651 instratos,
416 591 531 653 projectus
543 590 648 652 gramine
657 588 744 652 compi,

147 654 265 702 Presserat
274 662 327 702 ente
337 664 404 703 toros.
428 656 498 702 'Punc
508 654 539 701 ed
548 654 646 701 tenteris
655 653 732 702 fratris
774 653 829 701 390

148 717 205 765 Fert
215 734 305 782 gressus
316 720 390 767 vicino
400 718 469 767 citos:
487 733 529 765 nec
539 718 638 781 degener
647 718 687 765 ille

148 783 259 847 Belligeri
269 784 334 842 ritus,
346 783 437 831 taurino
447 784 552 831 membre
564 784 656 843 Jeoebet

146 846 252 896 Effultus
262 856 335 911 tergo,
347 857 369 896 et
379 848 496 896 mulcebat
504 847 578 895 tristis
587 862 676 895 somno

148 910 221 959 Haud
231 912 312 975 procul
322 913 386 960 haste
398 912 441 960 viri
451 920 517 959 terre
528 911 606 959 deiixs
615 910 759 975 propinque,

147 975 180 1022 Et
190 976 240 1023 diro
250 992 263 1024 e
273 977 365 1025 summi
375 975 490 1039 pendebat
499 975 594 1037 cuspide
604 975 685 1024 cessim
773 975 825 1023 too

146 1039 183 1087 At
192 1040 285 1103 clypeus
296 1041 363 1100 circo,
373 1041 498 1103 loricaque,
509 1048 533 1088 et
543 1040 610 1099 ensis,
622 1048 646 1088 et
655 1054 730 1096 nom,

146 1104 180 1150 Et
190 1106 263 1152 telum
272 1105 378 1164 Baletus,
389 1104 460 1152 simul
472 1105 555 1153 tellure
564 1104 691 1167 quiescunt

146 1168 224 1217 Juxts
235 1170 294 1218 lecte
304 1184 395 1228 manus,
405 1170 501 1230 juvenes
511 1168 536 1215 in
547 1169 626 1216 Morte
635 1166 741 1232 probeti3

146 1231 180 1280 Et
185 1234 275 1298 sonipes
285 1243 356 1282 strato
367 1236 475 1297 torpebat
484 1233 590 1297 gremino
599 1233 673 1280 dorso.

178 1298 213 1346 Ut
223 1300 333 1363 pepulere
342 1299 418 1347 levem
424 1298 530 1346 inuentis
538 1296 633 1361 vestigia
643 1311 762 1356 murnum,
773 1296 825 1344 300

147 1362 165 1390 “
177 1362 243 1411 Heus
254 1364 280 1410 P’
296 1363 381 1427 inquit,
392 1362 534 1427 (pariterque
542 1377 624 1410 manus
632 1362 662 1409 sd
669 1362 716 1409 tels
724 1360 826 1420 ferebst)

147 1426 164 1453 “
176 1426 238 1485 Quo
249 1436 272 1475 te
282 1442 336 1475 curs
346 1427 403 1490 vigil
413 1427 508 1487 fessum,
519 1442 635 1490 gemens,
645 1425 763 1489 fstigoti”

144 1489 183 1537 Ae
191 1492 242 1551 jem
252 1491 391 1551 constiterat,
403 1492 521 1555 sociosque
531 1492 556 1538 in
566 1491 657 1555 cupite
666 1490 730 1539 tusoe

148 1553 244 1603 incussi
253 1565 344 1604 revocet
353 1564 479 1603 castrorum
489 1556 520 1603 ed
529 1570 627 1603 munere
638 1552 724 1618 planti.

147 1617 193 1665 Cui
204 1620 285 1684 Iibyae
295 1620 390 1667 ductor:
409 1623 427 1650 “
439 1619 527 1668 Fabius
538 1634 584 1679 me,
596 1619 701 1667 noctibus
712 1618 788 1683 egris,

146 1681 248 1733 Incuros
259 1684 346 1733 Fabius
357 1699 398 1733 nos
409 1684 509 1732 excitet:
526 1684 568 1732 ills
579 1692 691 1743 seneenu,
773 1683 825 1732 306

148 1745 204 1796 Heu
213 1748 219 1796 !
238 1749 292 1798 fetis
303 1765 356 1814 quoe
366 1749 414 1797 sols
423 1748 483 1795 meis
492 1748 635 1796 currentibus
645 1750 727 1796 obstet.

147 1811 236 1872 Cernis,
245 1822 271 1862 ut
281 1814 371 1861 srmstd
381 1812 566 1861 circumfundere
576 1811 669 1873 cononi,

146 1876 180 1923 Et
191 1878 260 1926 vellet
271 1878 348 1925 ebuso
358 1878 464 1925 collectos
474 1876 542 1925 miles
551 1877 576 1923 in
587 1878 649 1925 orbe

146 1940 245 2001 Verum,
257 1957 308 2005 nge,
320 1945 392 1995 (nunc
400 1940 511 2006 quonium
518 1956 553 1989 res
559 1938 638 2003 mete)
647 1939 738 2005 percipe
745 1956 824 2005 porro,

145 2004 207 2063 Ques
217 2006 326 2054 meditata
336 2006 401 2053 mihi.
427 2006 499 2053 lrstos
509 2013 612 2068 correpto
620 2020 662 2069 per
670 2019 738 2068 agnus
770 2006 817 2053 sn

145 2068 268 2130 Armenta,
277 2078 368 2118 assueto
378 2068 433 2119 belli
443 2069 473 2117 de
483 2084 554 2129 more,
566 2078 700 2133 sequuntur.

145 2133 261 2183 Cornibus
271 2142 359 2183 mentes
370 2134 458 2183 edicens
469 2134 583 2183 innectere
593 2148 679 2191 remos,

146 2199 307 2263 sarmentique
316 2198 378 2247 leves
388 2198 459 2246 tronti
468 2198 564 2262 religsre
573 2198 702 2261 maniplost

146 2262 265 2312 Admotus
276 2278 330 2311 cum
341 2263 453 2311 fervorem
462 2262 592 2326 disperserit
599 2262 667 2325 ignis,
773 2263 823 2311 310

148 2327 183 2373 Ut
193 2328 278 2390 passim
287 2326 403 2375 exsultent
413 2327 546 2376 stimulante
555 2326 634 2375 dolore
641 2326 743 2388 juvenci,

147 2389 182 2437 Et
192 2407 250 2454 vage
260 2406 301 2453 per
311 2391 380 2438 colles
391 2392 477 2440 cervice
486 2390 592 2439 incendis
600 2392 694 2451 jactent

147 2452 222 2513 Tum,
233 2465 319 2503 terrore
328 2468 388 2503 novo
396 2455 506 2519 trepidus,
515 2454 604 2502 lexsbit
614 2455 620 2465 ’
639 2454 645 2466 ’
662 2470 705 2504 uss

148 2516 231 2565 Custos
244 2517 360 2578 excubias,
373 2521 507 2582 msjmsqne
516 2526 583 2566 noete
596 2518 640 2565 tim
669 2518 693 2566 't

147 2578 172 2626 Si
183 2580 245 2628 cordi
255 2582 368 2641 consults,
385 2584 473 2645 (moros
484 2589 586 2631 extrem
595 2584 717 2645 recusent)
773 2584 824 2633 330
