1875 2917
768 3 934 12 -Ἦ

238 103 350 153 slnms
367 101 541 151 insumus.
558 101 605 150 xl.
625 102 678 150 lou.
745 97 793 146 203

154 234 171 262 “
178 231 239 292 Quae
246 232 349 293 mrim,
358 241 382 280 et
388 247 460 298 quam
469 231 534 280 lenta
539 238 603 280 tenet
610 228 721 294 petientia
727 241 795 276 men·

217 307 275 358 tem,
748 293 795 341 100

114 361 146 411 0
156 362 249 411 confuse
258 361 329 410 nimis
340 361 439 410 Gradivi
448 361 541 410 turbine
551 361 635 420 Varro,

11 455 13 460 =
114 428 156 475 Ut
165 427 264 490 perferre
274 443 345 490 queas
354 425 480 474 furibunda
490 425 604 474 insomnia
614 424 714 472 consul?

114 493 206 540 Nonne
216 495 349 539 exurrbatos
357 491 498 552 jamdudum
508 490 589 538 limine
599 489 682 551 templi

117 556 254 620 Praecipites
264 555 313 618 agis
323 556 354 603 ad
363 558 462 620 portes?
480 562 502 602 et
512 555 598 602 discere
608 555 670 617 ongis

114 621 254 680 semiviros,
265 619 330 683 quoti
336 620 366 668 n't
373 629 451 667 nonno
462 619 491 668 de
498 635 562 668 more
572 619 641 666 menti
749 616 794 663 105

120 685 232 734 Consulis
241 684 386 747 imperinm?
402 685 458 732 Non
469 698 574 748 unquam
585 683 660 731 sobria
670 682 754 746 pubet,

115 751 155 798 Et
164 749 266 814 peritura
276 750 347 808 brevi,
358 749 464 813 (moneo)
476 765 546 812 ocyus
558 747 624 796 Urbe
639 747 730 796 tanae.

118 815 208 862 Muros
218 822 271 862 ante
282 821 334 861 tuos
346 816 384 878 (nt
394 829 436 877 par
446 815 493 874 est)
504 813 581 861 debita
591 813 681 860 ductori

116 879 235 926 Armatus
245 893 354 942 responsa
362 878 485 926 dabit.”-
492 879 636 941 Consurgere
647 875 724 924 cuncti

118 943 187 992 Eine
196 943 288 1007 pariter,
299 958 431 1007 magnoque
440 943 502 991 viros
512 943 611 990 clamore
621 943 763 1006 premebant.

119 1009 221 1056 Necnon
231 1017 255 1056 et
264 1008 352 1056 foribus
362 1022 458 1071 propere
468 1008 591 1069 Campana
599 1009 709 1068 juventus
747 1004 793 1052 111

118 1072 216 1120 Extulit
225 1073 276 1136 ipsa
285 1073 384 1137 gradum
393 1089 402 1129 ς
418 1080 535 1136 tuntoeque
545 1072 623 1119 dolore
633 1071 731 1133 repulsae

118 1136 239 1196 Concitus,
250 1137 410 1186 Hannibalem
421 1136 630 1188 volvebatvirriue
640 1151 686 1183 ore.

155 1201 263 1261 Fulvius,
275 1202 347 1266 (hnic
357 1217 413 1250 nam
424 1201 568 1265 spondebant
579 1200 691 1264 praesagia
701 1198 787 1247 mentis

119 1266 256 1315 Venturum
266 1266 352 1325 decus3
363 1277 387 1314 et
397 1267 486 1330 Gapuae
496 1265 613 1330 pereuntis
623 1265 701 1328 imago
751 1263 798 1310 115

120 1332 180 1380 Jam
190 1341 242 1406 tum
252 1340 300 1380 erat
312 1340 367 1380 ante
379 1331 470 1394 oudos)
486 1334 503 1359 ‘⁶
514 1331 578 1390 Non,
592 1329 612 1378 si
623 1327 796 1392 unmaginisff

218 1398 304 1460 lnquit,

120 1463 140 1491 ‘⁴
151 1460 280 1509 Ductorem
291 1462 371 1510 vestris
381 1460 515 1509 devinctum
526 1460 586 1508 coila
596 1459 683 1508 catenis

120 1526 225 1574 Romam
236 1527 308 1575 victor
317 1526 374 1590 agis,
386 1525 483 1589 posthac
493 1525 578 1573 intrare
589 1525 684 1584 Quirini

121 1591 230 1638 Sacratas
239 1590 333 1638 (inbitur
343 1591 414 1638 sedes.
439 1590 522 1638 'fende
533 1605 612 1652 ocyus,
625 1590 688 1653 (oro)

121 1655 179 1713 Quo
189 1670 255 1702 mens
266 1671 327 1718 tegra
337 1655 461 1703 vocat.”—
468 1655 583 1702 Referunt
593 1653 643 1702 haec
653 1653 707 1701 inde
717 1651 780 1700 citati

119 1719 202 1768 Mixta
211 1719 281 1768 minis
292 1730 315 1767 et
325 1729 391 1768 torm
399 1719 471 1767 trucis
481 1733 590 1782 responsa
600 1720 698 1766 senatus.
752 1717 795 1764 121

157 1784 274 1843 Τωῐῖιῃο,
285 1785 448 1848 Omnipotens,
459 1783 557 1846 caligine
571 1799 646 1830 mersa
656 1783 727 1830 latere

122 1850 185 1898 Fata
194 1849 288 1912 placet?
306 1849 391 1898 Veniet
399 1849 518 1912 quondam
528 1847 615 1896 felicior
626 1858 689 1907 stau

122 1915 188 1964 Cum
198 1913 238 1977 pia
248 1914 368 1978 Campano
378 1913 490 1977 gaudebit
500 1913 593 1961 consule
603 1912 689 1971 Roma,

122 1980 166 2040 Et,
177 1993 219 2042 per
230 1979 291 2026 bella
300 1979 342 2026 din
352 1980 425 2027 fasces
434 1993 522 2042 perque
532 1993 598 2026 arma
608 1985 713 2042 negatos,
752 1975 798 2022 lto

121 2045 192 2094 Ultro
202 2043 233 2090 ad
243 2044 406 2106 magnanimos
415 2043 497 2090 referet
508 2058 588 2091 secura
598 2053 700 2106 nepotes·

122 2111 198 2158 Poena
207 2111 360 2171 superborum
370 2117 449 2156 tamen
459 2107 509 2156 hmo
520 2107 728 2164 unanimorum,

122 2173 196 2234 Quod
207 2188 254 2221 non
264 2182 319 2222 ante
328 2188 383 2222 suos
393 2172 476 2236 Capua
486 2171 516 2220 ad
526 2170 636 2234 suffragia
648 2171 733 2229 mittet,

122 2239 204 2298 Quam
216 2238 333 2303 Carthago
342 2253 404 2287 suos.
420 2237 549 2300 Postquam
558 2235 688 2284 nuncdiots
699 2234 800 2293 senatus,

123 2305 197 2352 Nunc
207 2303 268 2351 facta
278 2304 394 2379 exposuit,
404 2312 456 2350 tum
467 2302 526 2350 veris
537 2301 595 2349 falsa
604 2316 646 2364 por
656 2308 729 2348 artem
754 2299 800 2347 1³0

122 2368 218 2417 Virrius
227 2368 357 2416 admiscens
367 2367 448 2416 cecinit
459 2366 529 2414 fatale
539 2365 628 2414 cruenti

123 2433 237 2481 Turbatis
248 2433 341 2496 signnm
351 2433 415 2481 belli.
440 2431 538 2479 Furinta
545 2431 656 2492 juventus

69 2540 73 2551 „
123 2498 504 2625 Amnutupp‘uml'lannibalunque
514 2495 603 2546 volunt.
629 2493 689 2543 Ruit
696 2493 802 2557 undique
