1875 2917
158 91 194 139 88
283 90 397 143 slnms
408 90 588 142 ruffinus
602 88 640 141 V·
658 90 716 147 176.

157 218 296 284 AEquanum
305 218 409 281 noscens,
420 220 514 286 (patrio
523 221 563 269 cni
572 222 631 269 ritus
639 220 666 269 in
675 221 740 276 arro,
787 218 847 277 176

158 284 220 333 Cum
232 285 285 347 pius
294 286 433 335 Arcitenens
441 286 542 335 accensis
551 286 638 350 gaudet
645 285 743 345 acervis,

157 349 222 397 Exta
233 360 267 398 ter
277 350 387 400 innocuos
397 351 478 399 laetum
488 360 580 414 portare
589 366 631 414 per
639 349 717 413 ignes)

159 416 177 442 “
187 414 225 463 sie
237 415 261 461 in
270 415 398 479 Apollinei
407 430 499 479 semper
509 415 604 478 vestigia
630 414 690 463 runi

157 478 273 529 Inviolata
283 488 350 539 teras,
362 480 481 544 victorque
491 480 589 543 vaporis,
641 493 694 527 aras
791 478 845 526 lto

157 541 228 591 Dotis
239 553 342 593 serenato
350 544 434 593 referas
444 544 556 593 sollennia
566 544 671 591 Phoeboc

157 606 285 672 Concipe,’'
295 610 337 670 sit,
350 611 367 639 “
379 609 478 673 dignum
488 608 563 667 factis,
574 608 693 672 AEqusne,
703 605 821 669 furorem

157 672 346 737 vulneribusque
356 674 410 721 tuis.
443 673 510 721 Socio
520 682 543 721 te
553 672 622 721 credis
632 681 656 719 et
665 672 715 732 irre,

157 736 213 784 Non
221 753 263 801 ego
271 738 441 786 Marmaridum
449 737 552 785 mediam
559 745 679 812 penetrare
683 735 841 800 phalfflgvm,

157 801 326 867 Cinyphiaeque
337 803 417 865 globos
427 802 554 849 dnbitbrim
563 816 692 865 irrumpere
701 800 816 848 turmse.”

86 898 89 903 -
176 886 179 891 >
189 866 214 913 N
215 882 240 914 ec
248 867 298 927 jam
309 868 371 914 ultra
380 868 483 914 monitus
493 874 516 913 et
526 868 596 915 verbs
605 865 720 913 morantia
729 864 840 912 Martem

157 930 227 977 Ferre
238 931 315 987 valet3
332 931 403 993 longo
412 930 524 979 AEnendis
534 930 598 995 quod
607 929 700 977 flebitur
711 944 769 977 eva
787 928 840 984 187

158 994 296 1058 Ιηοτεριιότε
307 995 377 1042 simul
387 995 467 1043 feralia
477 995 570 1043 classica
579 994 682 1057 signum,

158 1059 197 1106 Ac
208 1061 265 1106 tuba
276 1059 379 1108 terrificis
389 1060 457 1123 fregit
468 1059 603 1108 stridoribus
612 1074 688 1106 auras.

157 1122 213 1170 Heu
224 1123 304 1172 dolor!
322 1124 368 1173 heu
378 1124 495 1187 lacryma,
507 1139 549 1171 nec
559 1131 593 1171 tot
603 1132 656 1186 post
666 1120 751 1170 seacula
761 1124 837 1171 mi

191 1186 326 1249 [Honesta
338 1197 365 1236 ut
376 1189 489 1253 pendente
499 1188 570 1247 malo,
581 1203 624 1235 ceu
634 1186 716 1235 ductor
725 1185 757 1234 ad
767 1202 837 1236 anns

157 1251 253 1300 Excitet
265 1253 351 1317 Tyrius
359 1254 380 1317 t]
397 1253 517 1301 latebrosis
526 1253 624 1301 collibus
633 1251 719 1311 Astur,
786 1252 838 1301 192

157 1317 191 1365 Et
201 1316 283 1381 Libys,
295 1326 318 1366 et
328 1320 388 1366 torti
399 1318 503 1365 Balearis
512 1333 586 1366 savus
596 1316 697 1374 habenis,

157 1380 302 1448 Erumpunt,
324 1382 458 1447 mrdtnsque
479 1382 570 1442 Maces,
589 1382 760 1444 Garamasque,
781 1379 840 1429 No·

161 1459 165 1485 c
257 1462 281 1493 m
324 1462 367 1494 ne:

157 1507 232 1572 Tum,
243 1462 347 1574 quffin
358 1510 417 1558 alius
427 1511 533 1559 venalem
543 1511 568 1559 in
595 1509 658 1559 roelia
668 1509 776 1557 dextram
787 1508 840 1558 lon

157 1573 236 1637 Ooyor
247 1573 357 1635 attulerit,
369 1574 527 1639 conductaque
609 1573 722 1638 probirit,

157 1638 281 1697 Cantaber,
293 1648 316 1687 et
326 1640 398 1703 gnieae
408 1648 523 1688 contemto
533 1640 635 1703 tegmine
645 1637 733 1687 Vasco.

156 1702 221 1751 Hinc
231 1704 316 1768 pariter
325 1718 402 1767 rupes,
413 1704 478 1752 lacus
492 1704 556 1764 binc,
567 1704 622 1752 hinc
631 1717 705 1761 mma,
717 1701 841 1766 simulque

157 1764 265 1817 consone
275 1784 321 1816 vox
331 1778 406 1831 urget,
418 1768 512 1831 signum
523 1768 621 1816 clamore
631 1765 732 1815 vicissim

156 1833 202 1880 Per
212 1832 282 1881 colles
293 1833 315 1879 Τ
344 1833 367 1880 'ir
377 1831 577 1882 circumfundente
587 1831 679 1880 corond.
786 1832 842 1881 200

188 1897 302 1945 Avertdre
339 1898 360 1945 ei
371 1896 457 1957 vultus,
468 1896 563 1961 fatoque
573 1896 688 1945 dederunt

154 1960 251 2023 Maiori,
263 1976 310 2009 non
322 1970 410 2025 sponte,
421 1962 507 2009 locum
541 1962 622 2009 Timet
631 1960 681 2024 ipse
691 1959 786 2023 tyranni

154 2026 284 2073 Fortunam
295 2026 379 2090 Libyci
390 2026 495 2084 Mavors,
506 2025 647 2089 disjectaque
656 2024 745 2072 crinem

154 2088 290 2155 Illacrymnt
301 2090 391 2150 Venus,
403 2100 426 2138 et
434 2090 523 2145 Delum
534 2098 653 2153 petrecors
663 2088 753 2153 Apollo

154 2154 257 2203 Tristem
267 2155 371 2203 moerenti
381 2156 468 2203 solatur
478 2154 569 2217 pectine
577 2155 678 2203 luctum.
783 2156 836 2203 2⁰5

154 2219 218 2279 Sola,
229 2220 351 2283 Apennini
361 2220 461 2268 residens
472 2218 497 2267 in
509 2219 600 2277 vertice,
612 2218 674 2267 diras

154 2282 284 2347 Exspectat
295 2284 368 2332 caedes
378 2283 464 2331 immiti
474 2292 565 2347 pectore
575 2284 593 2331 J
594 2298 650 2331 nno.

153 2346 241 2395 Prima.²
252 2348 385 2407 Picentum,
396 2357 465 2409 rupto
476 2364 518 2395 ceu
529 2348 622 2395 turbine
632 2348 692 2408 iuss,

153 2410 260 2471 Agmina
270 2420 293 2458 et
303 2412 462 2460 Hannibalem
472 2427 539 2459 ruere
548 2420 577 2459 ut
586 2411 674 2470 videre,
684 2408 789 2460 cohortes

154 2473 273 2521 Invadunt
283 2474 354 2535 ultro,
362 2484 386 2523 et
395 2490 474 2538 poenas
483 2490 526 2538 pro
535 2483 610 2523 morte
617 2475 706 2533 futuri,
781 2475 834 2524 210

154 2535 261 2584 Turbato
272 2537 364 2597 victore,
375 2548 458 2602 petunt
468 2554 563 2587 mensa
572 2541 699 2601 juventure

153 2599 196 2659 Et,
206 2600 271 2648 velut
281 2610 368 2665 erepto,
378 2603 499 2653 meumst
507 2603 589 2664 libers,
598 2604 664 2664 coelo,
