1875 2917
144 74 192 125 100
212 94 215 115 ¹
257 74 368 127 sinsus
385 75 558 128 tustinus.
574 74 622 127 VI.
640 73 697 131 isi-¹
902 2 920 128 i

143 202 199 252 Non
210 206 319 269 praelatus
329 220 405 269 eques.
423 204 514 255 Verum
524 205 641 270 superavit
650 205 750 255 bonores
774 203 824 261 137

143 266 233 318 Omnes
243 270 311 318 basta
320 284 399 318 meos:
417 268 455 319 cui
466 284 506 317 me
515 270 588 319 libare
598 272 666 335 lsyaei

143 331 214 391 Quod
226 335 298 383 cernis
308 334 396 389 latices,
407 334 506 397 dignum
514 343 692 399 estcsgncscers
701 348 806 383 munem.

176 399 322 447 “Turbidus
332 409 421 447 arentes
432 400 496 447 lente
504 399 563 462 pede
573 401 647 449 sulcat
657 415 739 449 sresrss
773 400 822 448 140

144 462 261 526 Bagrum,
273 479 319 511 non
330 464 380 512 ullo
391 464 486 527 Libycis
495 464 520 511 in
531 464 617 512 finibus
627 479 696 513 arnna

144 526 227 575 Victus
237 529 330 576 limosas
341 528 463 575 extendere
475 528 544 576 latius
554 529 636 588 undas,

143 591 177 639 Et
188 600 307 654 stagnante
318 593 376 640 vadn
386 593 478 656 pstulos
487 592 604 642 involvere
612 608 714 657 campus.

144 656 201 716 Hic,
213 657 289 705 studio
298 657 401 716 iaticum,
410 672 510 720 quorum
521 667 556 707 est
564 657 628 706 baud
638 658 822 723 prodigamilus,

144 722 191 770 Per
201 722 262 785 ripas
272 723 320 770 lseti
331 721 397 770 scaris
407 721 552 771 consedimus
562 723 629 771 srvis.
773 723 822 771 lss

144 786 224 835 Lucus
232 787 295 835 iners
303 789 373 849 juxta
383 786 491 849 Stygium
502 787 642 848 peuensbm
652 787 743 837 umbris

143 852 256 900 Servabst
265 851 314 899 sine
324 852 372 899 suls
382 866 472 910 nemus,
484 866 618 916 crassusque
627 868 668 917 per
678 868 747 901 auras

143 914 240 964 Halitus
251 931 373 979 erumpens
381 923 467 962 tenum
478 916 609 979 exspirabat
619 917 720 965 odorem.

143 981 212 1029 Intus
222 980 273 1028 dira
283 980 375 1039 domtus,
386 992 502 1043 camoque
512 980 620 1029 immanis
630 982 655 1029 in
665 990 733 1029 antes

142 1046 192 1093 Sub
203 1053 273 1093 terras
282 1060 370 1108 specus,
382 1052 405 1092 et
415 1044 491 1093 tristes
501 1044 550 1093 sine
559 1045 611 1093 luce
621 1047 728 1094 tenebre.
771 1046 821 1095 100

142 1110 232 1158 Horror
242 1118 320 1157 mente
330 1109 395 1157 redit
429 1109 565 1157 Monstrum
575 1109 693 1159 exitiabile
703 1118 728 1158 et
736 1109 773 1159 irs

143 1174 246 1223 Telluris
255 1174 368 1237 genitum,
381 1173 419 1221 cui
429 1188 472 1237 par
481 1172 522 1221 rix
531 1174 614 1223 viderit
623 1183 678 1223 setss

141 1240 198 1289 Ulla
209 1239 292 1298 virum,
304 1253 405 1302 serpens,
416 1246 510 1285 centum
520 1247 637 1301 porrectm
647 1239 673 1287 in
682 1239 760 1301 ulnas,

142 1303 248 1352 Letalem
259 1302 334 1367 ripam
345 1312 368 1351 et
378 1304 442 1351 lame
452 1302 571 1351 bebitsbat
579 1304 693 1353 Aremcs.

140 1368 274 1432 Ingluviem
281 1366 390 1415 immensi
399 1366 484 1414 ventris
491 1367 657 1432 gravidamque
663 1368 758 1418 venenis
770 1368 819 1417 100

139 1432 231 1481 Alvum
242 1430 348 1495 deprensi
358 1432 473 1479 satiabant
482 1431 546 1479 fonte
555 1432 639 1492 leones,

138 1497 192 1545 Aut
202 1505 252 1545 scta
262 1497 293 1544 ad
300 1496 398 1545 fluvium
409 1496 505 1543 terrenti
514 1496 621 1561 ismpsde
631 1498 686 1546 solis

138 1561 261 1621 Armenta,
274 1569 297 1609 et
307 1569 384 1610 tractre
396 1560 456 1610 ioedi.
466 1560 578 1623 genuitate
588 1578 629 1625 per
639 1577 716 1623 auras,

137 1627 176 1675 Ac
188 1628 240 1675 tabe
250 1626 349 1685 afflatis,
361 1626 470 1674 volucres
499 1625 593 1673 Semesa
600 1628 711 1688 jacebant

138 1691 200 1740 Osse
210 1692 258 1740 solo
268 1690 376 1739 informis
394 1691 487 1753 lateque
496 1690 597 1753 repletus
607 1699 631 1739 et
640 1707 707 1754 asper
768 1691 818 1741 100

138 1756 241 1805 Vastatis
254 1756 371 1819 gregibus,
383 1755 450 1817 nigro
460 1756 565 1802 ructabat
574 1756 600 1803 in
610 1767 684 1804 anun.

137 1820 209 1886 Isque
219 1820 261 1868 ubi
270 1820 367 1868 ferventi
377 1827 486 1881 concepta
495 1818 601 1868 mcendia
610 1829 679 1883 pastu

138 1884 236 1949 Gurgite
246 1884 362 1932 mulcebat
373 1883 453 1947 rapido
464 1891 488 1931 et
498 1885 660 1947 spumantibus
669 1884 747 1945 undis,

137 1950 252 1999 Nondum
262 1949 332 1997 etism
343 1957 391 1996 toto
402 1948 519 1996 demersus
529 1963 623 2025 corpote
632 1950 658 1997 in
667 1964 763 1999 smnmr

135 2015 193 2063 Jsm
204 2022 274 2077 caput
284 2013 385 2061 adversa
394 2014 496 2076 ponebst
505 2027 610 2075 margine
619 2014 682 2089 ripas.
765 2014 814 2062 1011

135 2078 276 2143 Imprudens
287 2085 357 2125 tantm
367 2077 437 2141 pestis
447 2076 577 2139 gradiebar,
585 2078 684 2142 Aquino
817 2103 820 2112 ·

134 2141 305 2219 Apenninicolir
315 2150 385 2206 atque
396 2142 491 2215 Umbris
500 2141 622 2190 comitanus
632 2144 740 2218 dentes

134 2208 197 2259 scire
208 2221 298 2265 nemus,
310 2220 437 2268 pacemque
447 2203 493 2252 locs
503 2206 630 2268 explorare,
641 2208 735 2256 bbebst

168 2273 186 2299 ‘⁶
196 2271 300 2381 Jamrppp
321 2270 519 2334 propinquantum
539 2270 624 2318 tacims
641 2271 770 2335 pmetrsrit
786 2271 814 2321 in

133 2397 231 2456 Honur,
243 2405 266 2445 et
276 2396 365 2445 occulto
376 2397 497 2461 sigusium
507 2396 591 2461 frigere
601 2401 712 2448 membra.
764 2400 815 2456 170

130 2462 251 2509 Intramus
262 2468 349 2519 umen,
366 2468 389 2509 et
404 2460 529 2525 Nymphas
542 2476 677 2527 num-que
688 2478 815 2526 psenmus

129 2524 234 2587 Gurgitis
244 2524 332 2586 igumis
350 2525 496 2589 trepidosque
507 2534 530 2573 et
539 2527 615 2574 mults
624 2538 735 2591 paremcs

128 2588 223 2639 Arcano
234 2602 325 2653 gressus
335 2587 449 2638 audemus
459 2590 619 2654 medensium·
