1875 2917
162 64 204 111 ’68
273 62 396 114 anulus
413 60 586 114 ITAnlcus.
605 58 658 107 ΙΙΙ.·
672 59 728 110 666.

171 189 270 238 Sidoniis
281 190 400 253 Cynosura
410 189 469 253 regit
479 188 589 239 fidissima
598 189 684 237 nautis.
764 187 768 196 '
802 187 851 237 665

171 254 271 314 Verum,
282 256 324 303 ubi
334 254 417 304 defensi
425 255 498 313 lucos,
509 269 674 317 nemoromque
684 266 757 316 regna

171 318 290 381 Cornigeri
298 320 316 367 J
317 320 374 379 ovis,
386 328 409 367 et
418 318 533 381 fulgentia
542 319 630 383 templa
639 319 756 377 subimus,

170 383 287 445 Exceptus
297 383 379 447 hospes
390 383 454 431 tectis
464 382 553 431 inducit
562 384 668 432 Arisbas·
732 382 735 389 '

171 449 286 499 Statiano
297 448 372 497 vicina
383 450 481 510 (novum
493 456 516 495 et
526 447 675 495 memorabile
683 446 705 507 l)
715 445 829 509 lympha,

170 512 240 571 Quae,
252 521 357 561 nascente
368 512 414 567 die,
426 528 480 577 quae
488 512 615 571 definiente,
626 510 729 575 tepescit,
798 511 850 565 670

170 577 277 639 Quaque
286 576 353 640 riget,
363 576 454 625 medius
464 592 519 623 err-'rr
535 576 570 625 aol
581 576 684 625 adcendit
693 575 850 638 Olympum

170 642 252 705 Atque
262 641 343 689 eadem
353 656 445 689 rursum
456 641 577 689 nocturnis
584 640 657 690 ferret
667 641 692 687 in
702 640 807 689 umbria.

170 704 235 753 Tum
246 706 296 753 loca
305 705 374 769 plena
382 706 442 764 Deo,
453 706 512 753 dites
522 705 571 753 sine
580 720 673 754 vunere
682 706 772 767 glebas,

170 770 278 817 Ostentat
289 770 372 828 renioe,
384 770 485 833 letique
494 769 528 817 ita
537 777 616 817 mente
625 768 745 832 profatur:

170 834 238 881 ‘Has
248 837 343 882 umbras
353 849 485 894 nemorum,
496 843 520 883 et
529 848 633 881 oonnexa
645 832 766 881 eacumina
777 832 847 889 arelo,

168 897 320 961 Calcatosque
326 899 384 947 Jovi
393 898 465 957 lucos,
476 914 551 961 preoe,
560 898 653 956 Bostar,
664 897 741 946 adora.
797 898 848 952 676

168 962 234 1009 Nam
244 963 282 1011 cui
292 962 352 1011 dona
360 962 427 1011 lovis
437 978 485 1011 non
495 962 614 1024 diuulgata
623 977 664 1025 per
673 962 762 1022 orbern,

158 1024 200 1073 ·In
211 1027 299 1089 gremio
308 1027 400 1076 Thebes
410 1027 515 1089 geminae
526 1026 610 1074 aedisoe
619 1025 755 1075 eolumbas?

170 1090 286 1149 Quarum,
298 1091 414 1140 Chaonias
423 1090 506 1154 pennis
517 1106 570 1154 quae
579 1090 676 1153 oontigit
685 1105 745 1148 oras,

170 1154 258 1219 Implet
267 1155 359 1205 fatidico
370 1154 495 1205 Dodonida
504 1170 623 1203 murmure
634 1169 754 1218 quereum.
797 1154 845 1201 686

169 1220 206 1267 At
213 1236 275 1284 qua,
287 1220 439 1283 Carpathium
450 1234 519 1283 super
529 1233 607 1282 equor
617 1227 690 1280 vecta,
699 1234 741 1282 per
751 1234 822 1267 auras

170 1284 201 1331 In
212 1284 303 1348 libyen
314 1285 385 1347 nigris
396 1284 496 1331 tranavit
506 1284 609 1334 noneolor
619 1282 672 1342 alia,

162 1347 240 1397 -Hano
251 1350 328 1397 aedem
340 1349 426 1411 templo
434 1348 558 1411 Cythereia
571 1346 672 1395 uendidit
682 1346 744 1397 ales:

170 1413 228 1473 Hie,
239 1413 281 1461 ubi
290 1428 353 1461 nuno
362 1428 426 1463 aram
436 1412 546 1475 luooeque
555 1410 636 1461 videtis
646 1427 738 1475 opaooa,

169 1476 272 1525 Ductore
282 1478 353 1526 electo
364 1476 448 1540 gregia,
458 1474 606 1537 (admirabile
615 1475 678 1524 dietu
687 1478 708 1539 Ξ)
794 1476 841 1522 685

169 1540 280 1603 Lanigeri
290 1541 370 1603 rapida
380 1541 457 1589 media
466 1540 526 1587 inter
536 1554 622 1589 cornua
631 1550 745 1604 pantana,
824 1545 828 1548 “

169 1604 373 1655 Marmaricis-ales
383 1605 475 1669 populia
485 1618 592 1667 responsa
603 1607 704 1653 tenebat.

168 1669 231 1717 Mox
242 1672 345 1719 subitum
355 1685 437 1718 nemus
447 1678 517 1733 atque
526 1683 613 1717 muoso
621 1671 702 1717 robore
711 1669 780 1718 luors
913 1729 914 1732 Ἴ

169 1733 288 1791 Exsiluit3
306 1735 431 1798 qualesque
441 1741 551 1798 premunt
561 1746 624 1783 nunc
634 1733 708 1781 sidera
718 1748 824 1797 quercus,
913 1757 914 1798 3

168 1799 192 1846 A
206 1799 282 1861 prims
292 1800 374 1847 rendre
384 1798 438 1847 dier
455 1796 529 1861 prison
539 1795 593 1844 inde
602 1812 687 1859 pavore
792 1797 840 1852 (illd
913 1807 914 1858 ζ

167 1863 247 1912 Arbor
256 1877 342 1911 numen
354 1862 433 1922 habet,
444 1861 573 1925 coliturque
582 1862 713 1925 tepentibus
723 1861 784 1911 aria'

168 1926 281 1991 Dumque
292 1942 319 1975 ea
328 1926 450 1986 miramur,
461 1925 539 1975 subito
548 1924 644 1975 stridore
655 1926 799 1975 tremendum

167 1992 282 2055 Impulsae
292 1992 387 2055 patuere
397 1990 456 2039 iores
465 2008 474 2049 ς
489 1990 610 2053 majorque
618 1999 712 2055 repente

168 2056 224 2105 Lux
235 2055 313 2105 oculos
323 2055 383 2103 ferit.
414 2056 480 2106 Ante
489 2070 540 2103 area
550 2062 596 2102 stat
602 2063 665 2103 veste
674 2054 777 2103 raoerdos

167 2120 290 2183 Effulgens
300 2119 375 2177 nived,
387 2128 410 2173 et
419 2118 501 2183 populi
510 2132 643 2167 ooneurrere
653 2127 747 2167 uertant.
792 2119 837 2167 695

168 2184 228 2231 Inde
238 2184 279 2232 ubi
289 2184 410 2232 mandatas
420 2182 493 2233 effudi
502 2190 595 2243 pertore
605 2197 679 2243 voees,

167 2247 229 2294 Ecce
239 2248 309 2295 intrat
319 2248 408 2295 subitus
419 2256 496 2295 vatem
505 2245 577 2292 Deus.
608 2246 667 2293 Alta
677 2261 770 2306 sonoro,

168 2310 259 2357 Collisis
270 2312 381 2369 trabibus,
394 2312 518 2360 volvuntur
527 2324 648 2357 murmura
657 2310 719 2369 laon,

167 2374 470 2435 Aomajornotdjamuox
550 2372 736 2435 mpitinauraar

168 2438 176 2463 ‘
189 2436 295 2483 Tenditis
305 2437 330 2483 in
339 2437 443 2496 Latium,
455 2388 562 2549 Νΐιὲθ
571 2437 657 2499 agitare
665 2438 752 2499 patalia
788 2441 833 2495 7⁰0

166 2499 275 2547 Assaraci
285 2500 382 2562 prolem,
392 2502 486 2564 libyes.
560 2509 771 2563 ptaaaperanerno,

167 2562 342 2626 Gradivumque
350 2572 437 2614 trucem
448 2579 528 2613 currus
536 2565 586 2624 jam
597 2564 712 2624 suandere,
723 2574 822 2615 eranam
