1875 2917
139 78 186 129 100
269 80 381 131 srbnts
398 78 573 130 inimcos„
589 76 623 130 V.
640 75 697 129 olo.

138 206 273 273 Antiquam
284 211 396 275 expavere
406 210 477 258 diem.
501 210 580 259 Iacna
590 218 647 269 atet,
655 209 680 257 in
690 208 751 257 altoa

138 274 249 322 Sublatus
260 285 357 335 montes,
369 284 392 324 et
402 275 455 324 sada
465 291 575 323 excussus
584 275 655 334 aviti,
774 274 831 321 020

138 338 209 387 Lavit
220 339 352 403 Tyrrhenas
366 339 447 403 ignoti.
455 340 592 402 adspergine
602 338 678 387 silvas.
859 376 865 387 .

137 403 242 466 Jamque
248 404 328 452 eadem
334 404 432 467 populos
438 419 624 468 magnorumque
629 403 810 467 oppidaregum

141 465 277 530 Tempestas
288 477 311 516 et
320 468 370 516 dira
379 470 430 517 lues
437 469 571 532 stravitque,
583 468 691 531 tulitque.

140 530 187 591 Ao,
199 548 267 597 super
277 533 334 593 hac,
346 534 412 581 reflui
422 533 558 597 pugnbrunt
568 532 687 580 montibus
697 546 792 588 amnes,

140 596 173 645 lit
184 605 244 644 retro
254 598 337 645 fluctus
348 598 413 645 torsit
423 612 495 646 mare.
527 597 612 644 Monte
622 597 701 645 relicto
775 597 827 644 020

141 660 318 725 Apenninicola
328 662 409 725 lugere
420 662 451 709 ad
457 662 526 709 litora
536 661 621 709 Fauni.

141 724 266 789 Pugnabat
276 735 354 775 tamen
372 727 435 791 (heu
444 726 501 774 belli
511 726 616 774 vecordia
624 724 645 787 l)
662 725 740 786 miles,

141 789 248 839 Jactatus
259 790 373 839 titubante
383 791 446 848 solo;
463 791 585 838 tremebun
632 792 727 849 uetula,

143 852 263 903 Subducta
274 854 356 903 tellure
365 870 442 917 ruens,
453 856 576 918 torquebat
586 854 612 901 in
639 863 728 914 ostern;

145 918 234 978 Donec,
245 920 322 994 pulsa,
334 934 403 982 vagos
414 934 494 967 cursus
504 919 535 966 ad
545 919 613 967 litora
623 920 699 978 vertit,
777 917 833 966 030

142 982 233 1030 Mentis
243 998 318 1045 mops,
330 984 461 1048 stagnisque
471 982 537 1030 illata
544 992 587 1042 ast,
599 983 695 1031 Daunia
703 985 787 1047 pubes·

142 1046 205 1107 Quis
213 1045 302 1096 Consul
314 1057 377 1111 terga
386 1048 533 1111 increpitans,
544 1062 599 1095 nam
610 1048 703 1097 turbine
712 1056 784 1095 mota

143 1110 238 1160 Ablatis
249 1119 315 1161 terra
325 1112 443 1172 inciderat,
458 1114 477 1141 “
484 1111 550 1171 Quid
558 1111 650 1171 deinde,
662 1112 720 1177 quid
730 1116 795 1169 (oro)

143 1175 235 1235 Restat,
247 1177 284 1235 Io,
296 1176 416 1240 profugis?
434 1177 493 1234 Vos,
504 1190 542 1232 en,
554 1176 584 1223 ad
594 1177 680 1224 moenia
689 1178 774 1224 Romae

144 1238 236 1289 Ducitis
248 1241 421 1289 Hannibalems
439 1256 480 1288 vos
491 1240 515 1288 in
527 1240 628 1303 Tarpeia
639 1240 755 1290 Tonantis
775 1241 830 1288 030

146 1303 219 1353 Tecta
229 1306 289 1354 laces
299 1306 432 1369 ferrumque
441 1304 510 1353 datis.
541 1307 593 1364 su,
603 1305 679 1363 miles,
691 1318 714 1353 at
724 1320 790 1352 acres

145 1368 216 1418 Disce
226 1386 255 1417 ex
265 1386 304 1417 me
313 1384 419 1433 pugnae:
436 1370 483 1429 rel,
524 1384 628 1433 pugnare
638 1379 759 1481 nazarum,

144 1432 216 1481 Disce
226 1434 292 1482 mori.
324 1433 398 1482 Dabit
408 1435 543 1496 exemplum
554 1448 601 1480 non
612 1434 658 1481 vile
695 1434 753 1481 turis

144 1497 291 1559 Flaminium
308 1513 338 1547 ne
348 1507 412 1561 tergo
422 1498 506 1561 Libya,
516 1513 546 1545 ne
556 1496 680 1557 Cantaber,
691 1512 799 1563 unquam

143 1560 251 1611 Consulis
261 1562 379 1625 adspiciat.
406 1563 483 1621 Solus,
495 1563 515 1610 si
525 1570 590 1610 tanta
599 1562 672 1610 libido
775 1563 831 1611 oto

144 1626 189 1674 Est
199 1628 264 1675 rubia
274 1628 394 1692 rabiesque
404 1627 476 1690 fugae,
488 1627 535 1675 tela
544 1626 623 1674 omnia
633 1627 696 1675 solus

143 1691 240 1739 Pectore
250 1707 366 1749 consumo,
378 1700 401 1739 et
411 1692 520 1750 moriens,
530 1691 634 1753 fugiente
641 1708 683 1755 par
692 1706 762 1739 auras

145 1755 198 1804 Hac
209 1756 296 1818 animi,
307 1765 392 1805 vestras
402 1758 513 1804 revocabo
523 1755 552 1803 ad
563 1756 643 1819 proelia
653 1755 804 1803 dextras.”-
866 1792 870 1799 ,

144 1818 259 1885 Dumque
276 1838 304 1870 ea
324 1828 497 1881 commemorat,
519 1820 647 1886 densosque
665 1819 715 1870 obit
735 1819 824 1869 obrius

243 1886 328 1945 hostes,

145 1949 249 1999 Advolat
259 1967 300 1999 ora
309 1951 371 1999 ferus
381 1958 482 1999 mentem
499 1950 668 2000 ueDucariuar
682 1949 729 1998 acri
777 1947 831 1995 040

145 2016 240 2064 Nomen
251 2025 300 2064 erat
309 2016 395 2079 gentile
406 2014 470 2073 riro3
523 2015 528 2026 '
558 2030 587 2063 ue
597 2015 693 2063 catervis

146 2080 259 2129 Boiorum
268 2080 387 2145 quondam
395 2080 487 2143 patriis,
498 2080 594 2144 antiqua
604 2082 699 2143 gerebat

145 2144 252 2193 Vulnera
262 2144 385 2193 barbaricas
393 2145 494 2192 mentis:
511 2158 653 2207 amaraque
663 2142 754 2207 superbi

146 2208 248 2258 Victoris
259 2211 346 2270 vultus,
362 2209 484 2268 “Tunc’'
500 2208 586 2272 inquit,
602 2209 745 2256 “maximus
754 2206 795 2254 ille

146 2272 260 2322 Boiomm
272 2276 362 2323 terror?
379 2272 449 2321 hibat
458 2274 503 2321 boc
512 2288 648 2337 cognoscem
656 2273 712 2333 telo,
778 2272 831 2319 000

148 2335 257 2401 Corporis
268 2353 298 2386 an
309 2338 367 2385 tanti
377 2346 456 2385 manat
466 2338 496 2385 sle
506 2338 601 2385 vulnere
610 2338 712 2400 sanguis.

147 2400 199 2448 Nec
206 2417 246 2450 vos
254 2402 370 2465 peniteat,
380 2402 512 2465 populares,
520 2402 618 2450 fortibus
625 2402 715 2450 umbria

146 2464 200 2512 Hoc
209 2473 309 2514 mactare
320 2475 397 2528 caput.
425 2467 524 2516 Nostros
534 2466 573 2513 hic
583 2466 689 2515 curribus
699 2466 746 2529 agit

146 2527 259 2577 Insistem
270 2530 340 2577 viam
351 2530 399 2579 uta
409 2530 440 2577 sd
452 2529 569 2605 &qinom
578 2538 663 2594 patrea

147 2591 228 2639 Ultrix
237 2592 296 2641 hora
305 2594 520 2643 saw—Pariter
528 2602 585 2643 trina
594 2593 699 2658 undique
708 2593 767 2643 lusia
783 2594 836 2642 055
