1875 2917
111 92 115 97 ¹
145 90 193 145 Ι136
257 97 369 147 SILIUS
387 97 560 148 ITALIOUS.
577 96 638 147 VII.
654 98 710 149 51⁰·

146 226 181 275 Ut
191 226 257 285 ratio,
269 234 385 291 espurget
394 228 469 286 miles,
483 242 525 275 eur
534 227 613 275 vicero
622 225 738 275 beaw
771 226 829 272 51⁰

147 289 206 336 Haec
217 291 315 353 vulgum:
329 306 418 339 necnon
428 292 527 339 Petrum
538 292 646 339 Summis
656 299 746 337 mentes

147 352 245 401 Invidiae
256 355 349 403 stimulo
360 355 418 403 fodit
428 364 451 403 et
461 356 612 419 popularibus
622 355 690 403 suna

149 416 218 465 Tune
228 418 323 482 indigna
334 419 380 466 fide
390 430 490 480 censent,
499 420 645 484 optandaque
653 418 733 476 Poeno,

147 480 209 539 Quae
218 498 275 529 mox
286 483 349 531 baud
359 500 430 547 parvo
440 484 531 532 luerent
540 483 650 532 damnata
659 484 754 545 periclo.

180 544 299 593 Dividitur
309 548 389 595 milest
405 548 524 611 Fabioque
534 549 685 611 equitumque
695 546 811 610 magistro

147 608 249 671 Imperia
258 620 377 675 aquantur
382 614 481 675 penitus.
504 613 626 672 Cernebat,
635 623 668 671 et,
676 627 758 675 expers
770 612 824 659 olo·

147 674 247 734 Irarum,
257 676 339 736 semor,
351 692 448 738 magnas
458 692 488 725 ne
498 677 608 741 penderet
617 677 659 725 alti

147 738 238 786 Emotis
249 755 326 802 poenas
337 742 410 804 patria
420 741 557 801 inconsulta,
568 743 671 789 timebat.

146 802 186 850 Ao
197 811 255 863 mm,
268 805 342 852 multa
349 813 433 868 putans
443 820 529 865 secum,
541 814 568 854 ut
578 804 725 853 remeavitab
735 804 813 862 Urbe,

148 866 250 915 Partitus
261 868 331 916 sodes
342 869 408 929 vires,
420 870 495 917 vicina
505 871 641 934 propinquis
769 871 822 916 520

148 930 221 993 Signa
229 932 292 994 jugis
301 932 370 991 louet,
381 942 412 994 et,
424 935 517 997 speculi
528 934 633 982 sublimis
644 936 674 982 ab
684 932 741 990 alta„

150 994 205 1041 Non
217 996 325 1043 Mmsna
335 998 412 1046 minus
422 1007 504 1058 serrat,
517 1013 588 1061 quam
599 998 691 1045 Punioa
698 1007 778 1045 ossus.

149 1058 200 1105 Neo
210 1075 289 1108 moras
306 1061 399 1122 disjecto
411 1062 505 1110 Minuci
515 1062 618 1111 vecordia
628 1062 697 1121 vallo,

148 1121 264 1177 Perdendi
274 1124 345 1174 simul
355 1135 378 1174 et
388 1127 499 1189 pereundi
509 1127 603 1174 ardebat
612 1142 697 1174 amore

149 1187 227 1246 Quem
236 1197 357 1253 postquam
366 1190 474 1253 rapidum
482 1191 540 1239 vidit
547 1191 667 1255 proaedere
677 1188 755 1237 eastris
770 1191 822 1237 525

149 1251 213 1299 Hinc
224 1254 304 1317 Libys,
316 1254 370 1303 binc
381 1254 483 1313 Fabium
499 1255 570 1302 simul
580 1254 702 1303 acoendbre
712 1268 807 1316 sagsoes

150 1315 180 1362 In
191 1318 293 1365 subitum
305 1334 376 1366 ouras.
404 1318 505 1382 Propere
514 1335 593 1383 capere
603 1335 669 1367 arms
678 1317 789 1381 maniplis

149 1379 235 1439 Edicit,
244 1382 344 1445 vallique
354 1392 415 1432 tenet
426 1384 556 1431 munimine
566 1393 655 1432 turmas

149 1443 274 1493 Ausonius.
302 1446 406 1509 Torquet
415 1456 475 1495 totas
485 1449 509 1495 in
520 1448 600 1511 proelia
608 1448 666 1495 vires

149 1506 273 1555 Poenorum
285 1509 372 1570 ductor,
384 1512 537 1575 propellitque
546 1512 641 1575 agmina
650 1527 720 1559 vooet
751 1523 753 1527 ·
770 1511 822 1559 530

150 1572 242 1619 “Dum
253 1573 349 1623 diotamr
359 1577 430 1635 abest,
442 1592 505 1640 rape,
516 1577 591 1635 miles,
602 1584 706 1643 tempora
715 1589 810 1639 pugnae.

150 1635 206 1683 Non
217 1646 306 1700 sperata
316 1638 365 1699 diu,
376 1640 446 1702 plano
455 1641 579 1687 certamine
588 1655 670 1703 compo

148 1699 231 1760 Offert,
244 1718 302 1762 ecee,
313 1702 385 1751 Deus.
412 1704 531 1764 Quoniam
542 1704 596 1752 data
606 1704 679 1768 eopia,
689 1703 788 1765 longum

149 1763 273 1827 Detergete
283 1768 353 1815 eitum
363 1768 438 1829 ferro3
456 1770 577 1830 multoque
587 1784 667 1816 eruore
782 1813 786 1817 .

150 1828 280 1890 Essatiateq
290 1832 341 1891 viri,
352 1832 432 1895 plenos
442 1832 554 1895 rubiginis
565 1833 655 1881 enses⁹⁹
771 1832 823 1879 535

180 1894 262 1957 Atque
273 1911 299 1943 ea
310 1896 435 1945 Cunctator
444 1898 554 1960 pensabat
564 1899 594 1944 ab
605 1912 688 1960 aggere
697 1895 761 1955 valli,

149 1957 294 2007 Perlustrans
303 1976 395 2024 campos
405 1961 492 2008 oculis:
510 1969 620 2024 tantoque
629 1962 714 2025 periclo

149 2020 251 2082 Discere,
264 2024 360 2087 quinam
371 2033 427 2072 esset
437 2025 534 2085 Fabius,
546 2034 576 2084 te,
588 2026 673 2084 Roma,
685 2025 784 2072 dolebat.

150 2085 196 2134 Cui
206 2095 282 2148 natus,
296 2090 376 2149 juncta
390 2104 455 2137 arma
468 2089 550 2149 ferens,
569 2089 665 2137 “Dabit
675 2090 824 2154 improbua,”

247 2168 271 2199 rn
289 2164 331 2214 uit,

150 2214 240 2274 “Quas
251 2170 356 2280 dignum,
367 2234 460 2283 ptenas3
476 2220 517 2283 qui
527 2237 567 2284 per
578 2219 687 2283 suffragia
697 2234 757 2268 mea
772 2219 824 2266 540

150 2278 240 2328 Invasit
250 2291 338 2330 nostros
349 2283 398 2331 hee
408 2284 438 2331 sd
448 2284 580 2333 discriminis
589 2286 667 2333 fasces

151 2343 251 2402 Imaum,
265 2360 276 2392 s
341 2354 370 2407 te,
382 2348 470 2395 tribus!
490 2350 538 2396 Pro
547 2348 636 2399 lubrioa
645 2349 739 2406 Rostra

151 2404 185 2452 Et
196 2408 260 2454 vanis
280 2425 320 2457 ora
328 2412 381 2458 laeta
391 2412 459 2460 viris!
478 2413 551 2461 Nune
558 2428 655 2460 munera
665 2412 751 2459 Martis

151 2468 256 2530 AEquent
265 2472 369 2534 imperio,
382 2484 404 2523 et
415 2476 486 2523 solem
497 2476 618 2524 oonoedare
627 2476 689 2524 nocti

151 2530 252 2580 Scisosut
262 2534 372 2585 imbelles.
397 2538 489 2601 Magni
498 2540 602 2587 meroede
611 2539 710 2602 piabunt
774 2540 825 2587 645

151 2593 242 2643 Enosis
253 2598 347 2660 rabiem,
359 2608 383 2648 et
392 2610 497 2650 nostrum
507 2602 605 2653 riolbsse
614 2603 759 2667 parentem.”
