1875 2917
160 104 192 150 ou
276 102 387 151 SlLlUS
404 99 575 149 lTALlCUS.
594 100 641 148 1v.
658 96 714 146 211.

159 229 272 293 Dumque
282 230 368 277 micans
379 230 478 278 tremulo
488 237 571 279 conatu
581 228 632 276 loru
640 234 748 284 reuirat,
783 226 835 273 211

158 294 299 342 Flectuntem
310 303 411 342 usuum
421 294 527 341 imitutur
535 294 612 341 nescia
620 293 706 340 frenos.

158 357 261 405 Demetit
271 359 344 407 eversi
355 358 459 421 Vogesus
470 367 522 405 tum
532 358 600 410 collo.
613 357 719 419 jubdque

158 423 297 485 Suspensum
308 432 401 485 portans
411 423 510 486 galeam,
521 431 591 485 etque
601 422 689 469 inclusa
698 420 799 484 peremti

158 486 206 533 Ora
216 487 267 546 viri,
282 486 356 551 patrio
367 486 440 534 Divos
450 486 549 534 clamore
558 486 650 533 salutet.
782 485 836 532 215

188 550 301 615 Dumque
311 566 338 597 eu
348 550 469 599 Gallorum
483 550 565 613 populi
573 550 631 597 dunt
640 550 722 597 funem
731 564 829 613 eampo,

155 613 249 662 Accitus
259 617 354 679 propere
364 614 441 662 cestris
452 614 476 661 in
484 614 564 677 prcelin
573 614 662 662 mnsul

156 678 273 742 Raptabut
285 688 381 736 turmas,
391 679 526 742 primusque
535 681 617 725 ruebat
627 678 651 725 iu
661 678 763 735 hostem,

156 742 270 790 Gaudenti
280 743 386 790 sublimis
396 758 462 806 equo.
496 742 580 789 Trahit
590 742 694 805 undique
703 742 791 789 lectum

155 806 241 854 Divitis
252 807 363 855 Ausonius
371 808 490 868 juvenem,
499 807 643 870 Marsosque,
653 808 796 869 Coramque,
921 815 922 822 ยน

155 870 765 934 laurentumquedecaqjscuuuremquesmellum,
778 871 828 918 221
922 837 924 950 i

155 933 189 982 Et
200 934 368 982 Gradiuicolam
380 935 440 983 celso
450 936 480 983 de
490 935 548 982 colle
559 935 696 994 Tudertem,
922 955 923 988 t

156 998 299 1063 Indutosque
309 999 380 1045 simul
387 1000 482 1061 gentilis
492 1001 540 1046 line
547 999 663 1056 Faliscos3

155 1062 267 1125 Quosque
277 1065 320 1109 sub
330 1063 450 1111 Herculeis
460 1063 574 1110 taciturno
580 1062 677 1110 flumine
687 1063 762 1111 muris

155 1126 271 1173 Pomiferu
280 1142 336 1175 urvu
345 1136 422 1174 meunt
431 1127 575 1175 Anienicolae
585 1127 679 1184 Catilli3
778 1130 828 1175 225

154 1190 266 1253 Quosque
276 1191 300 1237 in
312 1191 440 1255 praegelidis
450 1192 543 1239 duratos
554 1191 656 1239 Hernico
665 1192 721 1239 rivis

154 1254 282 1302 Mittebant
292 1272 356 1315 saxu,
368 1264 391 1303 et
402 1255 507 1303 nebulosi
516 1271 570 1302 rure
578 1255 663 1303 Casini.

154 1318 224 1366 Ibant
234 1318 258 1365 in
271 1320 372 1366 Mortem
383 1328 448 1368 terrie
458 1319 598 1367 dominantis
608 1319 708 1379 eluumi,

155 1383 267 1429 Damnsti
277 1384 378 1447 Superis,
390 1398 431 1431 nec
439 1386 490 1445 jum
500 1383 602 1432 reditura
609 1384 727 1444 juventus.

155 1446 239 1509 Scipio,
252 1448 299 1510 qul.
309 1448 563 1511 mediuspugnaevorut
570 1448 759 1511 ugmimvorteu.
777 1450 829 1496 230

153 1511 228 1557 Infert
238 1511 392 1575 cornipedem,
403 1525 427 1559 ut
443 1529 481 1571 ue,
492 1512 613 1560 instinctus
622 1521 699 1575 strage
709 1526 815 1571 sumum,

154 1574 252 1622 Inferius
262 1575 324 1623 cesis
335 1586 420 1623 mactet
467 1579 596 1639 bummque
607 1576 755 1640 Padumque,

153 1638 186 1686 Et
197 1639 314 1699 Gsunum,
326 1649 349 1688 et
359 1641 434 1687 multo
444 1642 484 1688 vix
492 1640 571 1687 fusum
579 1641 673 1688 vulnere
683 1642 813 1699 Breucum,

153 1703 320 1767 Gorgoneoque
331 1706 418 1752 Larum
429 1713 574 1768 torquentem
583 1704 674 1752 luminu
684 1704 759 1753 multu.

152 1767 245 1815 Occidis
256 1778 279 1815 et
289 1769 355 1827 tristi,
368 1784 463 1832 pugnax
476 1768 610 1832 Lepontice,
623 1768 678 1816 suto.
776 1772 826 1816 235

152 1832 178 1878 N
179 1847 226 1888 sm,
238 1832 295 1879 dum
305 1832 369 1880 frena
379 1833 442 1881 ferox
453 1833 542 1892 objecto
550 1848 642 1895 corpore
650 1842 752 1896 prenset,

151 1896 233 1959 Atque
243 1906 319 1959 aequut
329 1898 401 1945 celsus
411 1896 529 1945 residmtis
539 1898 646 1944 Consulis
655 1912 695 1945 ore

151 1960 206 2023 Ipse
216 1960 293 2023 pedes,
305 1961 403 2009 frontem
414 1962 439 2008 in
449 1960 551 2008 medium
560 1961 636 2023 gravis
646 1962 726 2009 incidit
736 1962 807 2019 ensis,

150 2024 184 2071 Et
193 2024 291 2072 divisum
301 2025 402 2073 humeris
411 2026 485 2087 jacuit
492 2034 569 2087 capue
594 2025 632 2072 At
639 2026 723 2083 Batus,
732 2041 823 2087 emeps,

150 2088 201 2147 Qui
211 2090 334 2138 luctature
351 2106 390 2147 uo,
402 2089 529 2153 parmdque
538 2089 758 2150 incursibusobsut,
775 2093 825 2139 240

152 2153 204 2200 Ictu
215 2106 370 2217 quudmpedis
380 2154 445 2201 fulvd
455 2162 573 2217 porrectus
582 2154 660 2213 uene,

152 2217 218 2265 Elisa
228 2218 324 2267 incussis
335 2219 411 2266 omisit
421 2219 522 2267 calcibus
531 2233 579 2265 ora.

184 2281 286 2329 Periurit
296 2282 414 2330 Ausonius
424 2284 518 2330 turbato
527 2298 568 2345 per
578 2297 670 2346 equus
679 2282 770 2342 ductor,

152 2345 201 2391 Ceu
213 2345 307 2403 Geticus
317 2348 411 2405 Boreas,
420 2354 496 2394 tutum
506 2362 560 2394 cum
570 2346 663 2393 mutulit
672 2346 721 2395 imo

153 2408 253 2454 lucrium
265 2408 338 2456 fundo
348 2411 419 2457 victor
428 2426 508 2465 msre3
525 2410 604 2458 navita
615 2419 679 2458 vesto
775 2414 824 2460 245

151 2471 258 2517 Joctutur
269 2487 370 2534 sperum,
381 2474 480 2521 lacerati
489 2473 568 2533 classe,
579 2472 713 2537 profundoz

152 2532 288 2597 Cunctaque
298 2537 387 2584 canenti
397 2537 543 2601 perfunditur
554 2554 644 2601 aequore
655 2538 746 2601 cyme
