1875 2917
252 85 365 139 smus
380 85 554 140 l'l’AIaIOUS.
571 77 605 138 X·
622 89 678 138 tus
757 87 804 146 197

118 217 729 283 Tumhceribmcaptaequeiultiurtesesures
757 218 805 267 tut

118 286 184 334 Nou
194 285 281 346 conjux
292 284 370 332 naute
379 282 484 342 sduaut,
494 299 542 333 non
550 285 631 346 juncta
641 282 773 348 propinquo

116 349 243 412 Sanguine
253 350 322 396 turba
331 346 423 404 virum
440 357 482 396 aut
492 348 557 398 celsis
568 349 597 398 de
607 364 672 398 more
681 347 770 397 feretris

118 414 259 462 Praecedens
269 412 345 476 prisca
354 413 475 475 exsequias
486 413 606 462 decorabat
616 413 702 476 unago·

117 478 243 528 Omnibus
254 476 344 526 exuviis
353 476 418 524 nudo
426 478 524 542 jamque
534 478 656 526 Hannibal
665 491 728 526 uuus

117 545 165 592 Sat
175 541 262 591 decoris
271 541 378 588 hudator
387 548 450 598 erat3
468 541 582 618 fulgentis
591 541 674 606 pingui
753 541 802 596 ⁶7⁰

117 607 217 656 Murice
280 606 343 654 usus
352 605 418 654 inicit
428 607 551 667 velsmma,
563 617 586 656 et
596 622 652 655 auro

119 673 243 721 Intextum
332 669 411 734 ydem,
422 686 449 718 ac
459 685 569 735 supremo
579 673 663 720 effatur
672 671 774 722 honorae

118 735 615 799 “I‚decusAusonise,quciasestireeu
656 737 698 784 bau

119 801 218 850 Virtute
229 809 252 848 et
261 799 328 847 factis
337 799 434 847 animas.
470 800 527 848 Tibi
537 751 668 865 glorialffto

118 867 181 915 Jam
191 873 257 929 parta
266 863 359 927 insigni.
392 865 491 913 Nostros
501 865 605 913 Fortuna
615 866 705 914 labores
752 863 801 919 575

121 931 209 979 Versat
219 929 304 988 adhuc,
314 943 428 993 eantque
435 931 504 991 jubet
513 931 598 978 nescire
608 929 724 978 futuuus.'’

121 996 184 1044 Haee
202 994 307 1106 Ιὲξιγέ,
318 1002 389 1056 atque
408 1009 490 1059 repens
511 995 675 1059 crepitantibus
696 993 800 1059 undique

274 1074 328 1116 ΠΜ,

118 1124 243 1174 AEthereas
253 1122 332 1171 anima
341 1123 460 1170 exsulum
470 1122 542 1171 evasit
552 1123 577 1171 in
587 1137 662 1172 auras.

155 1189 230 1237 Fama
240 1187 323 1236 dehinc
334 1187 443 1250 gliscente
453 1202 510 1236 sono
519 1189 569 1249 jam
580 1187 654 1236 sidera
664 1187 758 1246 adibata

117 1256 138 1303 J
139 1269 179 1303 am
189 1251 263 1300 maria
271 1267 299 1300 ac
308 1261 380 1300 terras
390 1252 537 1328 primumque
546 1252 669 1300 intraverat
679 1253 777 1302 Urbeua

116 1317 239 1368 Diffidunt
248 1316 329 1364 muris.
362 1317 441 1365 Solam
451 1317 608 1379 pavitantibus
619 1331 695 1366 arcem
749 1317 796 1364 tul

116 1382 252 1448 speravisse
262 1391 298 1429 sut
308 1389 349 1428 est
382 1381 435 1430 Nec
445 1381 508 1429 euim
519 1397 636 1446 superesse
643 1384 774 1444 juventam,

115 1449 159 1497 Ac
169 1455 229 1494 stare
238 1445 352 1495 Ausonia
362 1461 462 1494 vacuum
473 1446 522 1496 siue
531 1461 625 1510 corpore
634 1461 729 1496 nomen.

115 1511 238 1574 Quodque
248 1509 306 1558 adeo
316 1510 420 1558 nondum
431 1511 504 1574 portis
514 1511 621 1574 irruperit
630 1512 712 1568 hostis,
755 1519 759 1527 ’

118 1577 249 1625 contemtu
258 1589 345 1622 me
355 1583 446 1638 putant
478 1576 536 1623 Jam
546 1583 606 1623 tecta
616 1575 720 1636 cremari,
747 1577 797 1626 585

66 1698 69 1701 ,
115 1642 158 1690 Ac
168 1640 265 1688 delubra
274 1639 334 1702 rapi,
344 1640 463 1704 wdesque
473 1649 527 1688 aute
537 1655 577 1687 ora
587 1640 693 1687 nefanda

115 1707 245 1764 Natorum,
256 1712 393 1767 septemque
402 1720 465 1752 arces
475 1705 565 1752 fumare
576 1704 689 1752 videntur.

116 1771 176 1820 Lux
187 1784 235 1816 una
244 1783 333 1816 eveum
344 1769 379 1816 bis
389 1777 481 1821 centum
493 1769 518 1816 in
529 1777 604 1832 strage
615 1769 714 1830 curules,

115 1836 157 1884 Ac
165 1836 278 1896 juvenum
288 1832 325 1881 bis
336 1833 426 1882 tricerris
436 1836 518 1883 orbata
526 1836 634 1896 gemebat

115 1899 229 1948 Millibus
239 1897 358 1946 exhausta
368 1897 476 1946 nutantia
485 1898 571 1946 muenia
581 1898 680 1946 Rumaer
746 1899 795 1948 690

112 1964 199 2029 Atque
210 1970 321 2076 31⁹1er
340 1962 461 2022 Trebiam,
479 1971 531 2026 post
549 1962 623 2010 Tusci
640 1971 722 2026 stagna
739 1977 795 2028 pro·

113 2095 167 2144 Nec
175 2092 265 2141 socium
275 2105 373 2140 numero
383 2092 469 2155 pariter
480 2092 565 2141 leviore
575 2100 685 2156 peremto.

146 2158 193 2207 Sed
203 2171 265 2215 vero,
278 2156 318 2203 sed
329 2156 391 2204 enim
402 2157 486 2221 reliqui
496 2157 536 2220 pia
547 2159 615 2205 turbu
626 2157 718 2206 senatis

114 2224 217 2272 Munera
227 2220 307 2269 sortito
316 2221 437 2270 invadunt
470 2221 538 2270 Celer
546 2221 624 2270 omnia
634 2221 736 2270 lustrans

113 2286 226 2338 clamitat
235 2286 347 2334 attonitus
357 2285 453 2345 Fabius,
465 2288 483 2315 “
496 2287 552 2334 Nou
563 2287 612 2334 ulla
622 2286 702 2334 relicta
711 2294 746 2335 est

113 2349 229 2416 (Credite)
241 2351 365 2398 cunctandi
375 2351 441 2398 ratio.
465 2351 672 2464 Appreqqqesemun
684 2360 711 2399 ut
721 2351 793 2401 hostis

113 2416 281 2481 Nequidquam
291 2424 392 2465 armatos
403 2415 464 2464 ausit
475 2431 527 2464 succ
569 2429 593 2463 re
602 2431 688 2464 muros·
743 2416 793 2472 507

113 2483 182 2530 Dura
190 2481 250 2528 iuter
259 2480 355 2542 pavidos
364 2479 434 2528 alitur
444 2480 538 2528 fortuna
549 2479 657 2540 sedendo,

114 2548 148 2594 Et
157 2547 257 2608 gliscunt
267 2544 364 2594 adunca
372 2553 445 2593 metu.
481 2544 518 2596 Ite
527 2560 606 2609 ocyus,
617 2560 683 2594 arma

112 2610 226 2675 Deripite,
236 2624 251 2656 ο
261 2609 351 2672 pubes!
369 2609 470 2674 templis
504 2609 556 2660 Vos
564 2609 623 2660 auia
632 2610 719 2720 {Pam
737 2613 791 2658 6οθ

617 2687 629 2721 s
