1875 2917
220 82 331 133 smrns
347 82 520 135 mancos.
535 86 582 135 vr.
599 62 655 143 sss.
722 86 767 133 121

98 208 216 261 Possessor
225 212 310 276 pelagi,
321 212 440 277 pronisque
448 214 558 263 Immtins
566 215 625 263 auri
720 213 769 269 ⁶⁰7

96 276 207 340 Captisss
217 293 307 341 puppes
317 278 348 325 ad
357 278 425 325 litore
435 278 508 327 victor
517 282 608 343 agebat.

98 339 167 401 [Hoc
176 342 235 390 inter
245 342 316 390 victos
325 342 415 405 legatus
426 343 450 389 in
461 344 541 392 ordine
552 344 695 407 Hamilean]

95 404 205 453 Ductoris
214 406 313 469 genitor,
326 414 460 455 cunctarum
472 410 502 456 ab
512 409 614 472 burgiae
623 424 701 457 rernm
718 408 767 457 600

95 468 180 517 Totius
191 470 215 517 in
226 485 275 518 sese
285 471 349 533 vulgi
360 479 501 520 converterat
510 488 558 520 ora.

91 532 141 581 Sed
151 534 214 597 pasis
226 534 316 594 faciem,
328 544 351 583 et
362 534 461 599 pollutas
472 536 628 594 federisaras,

92 596 272 663 Deceptumque
282 599 376 659 iovem,
387 614 415 648 sc
425 600 537 649 dictantes
544 602 598 662 jura
608 601 713 660 latinos,

91 662 193 711 Cernere
205 671 261 711 erat.
293 663 387 713 strictas
398 664 488 727 trepidis
497 666 583 713 cervice
593 680 681 714 secures

91 726 211 775 Horrebat
222 727 312 791 Libyss
327 743 363 786 sc,
374 728 494 777 submissis
504 728 584 779 ordine
594 730 687 794 primis,
719 731 767 779 095

88 790 194 839 Orantes
205 790 306 850 veniam,
315 792 425 854 jurabant
434 792 499 841 irrita
508 803 583 855 pacta.

89 854 151 903 Haee
163 855 241 919 Eryce
251 870 265 903 e
274 870 367 904 summo
377 859 494 920 spectabat
502 859 556 906 laeta
566 859 651 907 Dione.

125 919 191 978 Quse
201 928 324 983 postquam
335 920 418 970 infesto
428 923 557 985 percensuit
566 924 646 971 omnia
655 924 722 972 sulm

90 982 209 1031 Atridas
221 985 315 1044 Penus,
326 983 388 1033 lenti
398 986 525 1049 proclamet
535 989 565 1035 ab
575 986 623 1036 iri:

91 1051 111 1076 ‘⁶
123 1048 183 1095 Non
190 1047 277 1097 leviora
287 1048 352 1099 dabis
362 1050 444 1099 nonnis
454 1050 576 1101 inscribere
585 1052 650 1101 testis
720 1053 768 1107 700

89 1111 156 1161 Acta
168 1128 227 1161 mea
238 1112 339 1161 dextrm
357 1122 457 1175 captam,
469 1114 594 1178 Carthago,
606 1117 737 1179 Seguntum

89 1176 132 1224 Da
143 1185 258 1239 spectare,
269 1176 339 1225 simul
350 1176 410 1226 ferro
420 1178 564 1242 flammisque
573 1190 693 1229 mentem:

88 1240 231 1293 Perfodiant
241 1250 317 1305 patres
327 1250 433 1291 natorum
445 1245 566 1291 membra:
584 1258 626 1293 nee
635 1245 711 1309 Alpes

87 1304 205 1367 Exiguus
216 1305 317 1353 domitas
327 1306 401 1369 capiet
410 1306 490 1355 locuss
506 1307 579 1356 ardus
588 1309 654 1357 celsis
721 1309 768 1365 704

89 1369 211 1417 Persultet
219 1370 278 1432 juga
287 1370 359 1419 vietor
370 1370 434 1435 equis
446 1372 606 1437 Garamasque
615 1373 759 1438 Nomasque.

87 1433 173 1482 Addes
189 1433 267 1481 Ticini
278 1443 411 1497 spumantes
421 1436 532 1499 sangnine
542 1438 613 1501 ripas,

87 1498 125 1546 Et
135 1512 177 1546 nos
181 1506 244 1546 trum
255 1498 375 1559 Trebiam,
386 1508 410 1548 et
419 1500 559 1564 Trasymeni
568 1502 635 1550 litora
646 1503 729 1553 Tuscis

88 1563 180 1611 Clausa
193 1562 349 1612 mdaveribus.
380 1564 446 1612 Ruat
456 1565 537 1628 ingens
549 1581 641 1629 corpore
650 1576 674 1617 et
684 1568 754 1617 armis

88 1626 227 1675 Flaminius
236 1644 243 1674 z
261 1626 337 1689 fugiat
347 1630 443 1689 Consul,
455 1639 564 1678 manante
574 1646 662 1690 cruore,

90 1690 183 1755 Scipio,
196 1700 218 1739 et
230 1692 259 1739 sd
270 1691 341 1740 socios
352 1692 401 1741 nati
410 1694 496 1742 cersioe
506 1694 610 1742 vehatur.
722 1697 770 1751 710

92 1756 156 1803 Haec
168 1755 235 1805 mitte
245 1756 269 1803 in
280 1757 393 1819 populos3
410 1766 433 1806 et
444 1758 521 1805 adhuc
530 1759 619 1819 majora
628 1759 753 1808 dabuntur.

93 1820 250 1883 flagrantem
261 1820 354 1883 effinges
365 1822 460 1881 facibus,
474 1822 599 1885 Carthago,
612 1824 716 1888 Libyssis

95 1885 213 1943 Romam,
225 1893 248 1933 et
258 1884 373 1945 dejectum
384 1886 485 1950 Tarpeiis
494 1902 553 1949 rupe
563 1887 703 1937 Tonantem.

101 1948 197 1997 Interes
204 1964 244 1997 vos
255 1951 293 2007 (ut
303 1948 399 2012 digmum
411 1950 456 2012 est)
468 1951 522 2009 ista,
533 1967 604 2015 ocyus
612 1953 653 2012 ite,

98 2012 124 2061 0
134 2014 239 2074 juvenes,
248 2029 348 2077 qnorum
356 2014 442 2063 dextris
452 2015 511 2063 mihi
519 2024 584 2063 tanta
591 2026 711 2080 geruntur,
724 2018 772 2073 715

94 2077 128 2125 In
148 2076 236 2153 domes
251 2078 395 2134 monimenta
415 2080 477 2141 date,
490 2089 561 2144 atque
577 2081 687 2131 involvite
704 2082 772 2130 flam·

199 2140 270 2191 mn
