1875 2917
237 68 348 122 smus
364 67 537 154 Iuncus
551 66 600 118 XI.
616 67 656 122 26-
732 67 778 116 2⁰1

107 165 667 264 rmmmumrmmveesquenuu
749 197 783 244 so
840 253 844 257 ,

108 263 316 330 Totisesoeiosp
438 266 555 327 tjungere
565 264 633 312 mole.

106 328 155 377 Sed
164 329 199 378 fas
208 329 233 377 id
243 330 323 388 Celtis,
343 345 369 377 ss
378 328 451 392 impia
460 329 522 377 bella
531 328 614 376 referre

104 393 219 441 Boiorum
229 395 299 442 fuerit
308 393 414 458 populis:
433 393 551 456 Cspuaeue
560 393 670 450 furoreua

105 456 187 516 Quem
204 460 323 508 Senonum
338 457 411 522 genti,
429 458 562 521 plscuisse?
585 466 609 505 et
625 453 736 504 Dardana
747 455 783 568 pp

104 584 198 635 Maenia
207 588 325 637 bubonioo
336 588 472 636 Nomadum
483 587 567 636 soeists
577 595 674 652 tyranno

104 650 232 712 Quisnam,
243 662 333 700 mutato
343 661 433 700 tautum
444 660 508 700 nunc
518 661 628 716 tempore,
640 647 736 698 eredat?

103 714 200 775 Luxus,
212 727 235 764 et
245 717 331 764 insanis
341 716 428 765 nutrita
438 717 531 780 igsisvis
541 717 627 775 lustris,

103 778 294 846 consumtusque
304 782 379 844 pudor
389 781 511 844 pemndo,
524 781 621 844 unisque
631 779 724 827 relictus

103 842 202 892 Divitiis
213 848 334 907 probrosus
343 846 425 905 honor,
436 846 550 894 lacerabst
559 845 662 893 hiantem
748 841 782 888 35

103 907 204 957 Desidia
213 910 335 974 populum,
347 927 374 959 ao
382 911 505 958 resolutam
516 910 606 974 legibus
616 910 705 957 urbem.

104 973 208 1034 Insuper
218 975 287 1022 exitio
297 975 426 1022 truculenta
436 975 543 1037 superbia
553 977 644 1040 agebat

104 1036 160 1084 Neo
170 1038 230 1086 vitiis
239 1039 333 1087 deerant
342 1040 407 1087 vires.
440 1040 497 1087 Non
507 1039 591 1102 largior
601 1039 645 1086 ulli

103 1099 220 1150 Ausonio
228 1105 315 1167 populo
326 1103 370 1168 (sic
380 1112 432 1150 tum
443 1103 547 1151 Fortuna
556 1101 660 1164 fovebat)

104 1164 465 1232 Auriqueurgentiquemodusz
483 1167 612 1215 msdefaots
623 1180 711 1215 veneno
750 1164 783 1212 40

105 1228 206 1293 Assyrio
216 1232 319 1281 maribus
328 1231 404 1292 vestis,
416 1231 538 1296 medioque
549 1232 639 1279 dierum

105 1294 208 1357 Regales
217 1296 300 1359 epulae,
311 1305 381 1360 utque
390 1305 443 1344 ortu
453 1296 559 1345 oonvivis
568 1295 622 1344 solis

105 1357 236 1422 Deprensa,
247 1371 270 1408 et
279 1362 345 1409 nulli
355 1362 448 1409 macula
457 1377 504 1410 non
515 1361 574 1408 illita
584 1360 639 1409 vita.

107 1422 175 1470 'I'um
185 1426 272 1488 populo
282 1426 336 1473 saevi
347 1427 435 1486 Patres,
446 1427 570 1490 plebesque
580 1424 672 1474 senatis

106 1487 202 1535 Invidia
211 1489 272 1549 leto,
284 1499 307 1537 et
317 1490 426 1538 oollidens
436 1491 528 1539 dissona
538 1489 606 1538 oorda
749 1487 782 1534 45

106 1551 202 1599 &diuo
234 1554 281 1602 Sed
292 1555 354 1602 enim
363 1555 450 1603 interes
460 1555 580 1602 meraris
590 1553 659 1618 pubis

106 1614 200 1664 Delicta
210 1621 315 1682 augebat,
327 1618 437 1682 pollutior
447 1620 506 1682 ipsa,
517 1627 626 1667 senectus.

106 1680 169 1740 Neo,
181 1697 239 1745 quos
249 1683 294 1730 vile
303 1697 377 1746 genus
386 1683 403 1730 d
492 1699 537 1746 que
546 1683 604 1730 lueis
615 1681 679 1745 origo

106 1744 227 1805 Foedshet,
238 1763 328 1810 sperare
335 1748 379 1796 sibi
389 1756 411 1796 et
437 1763 541 1812 eposcere
551 1746 621 1810 primi

106 1808 212 1858 Deerant
221 1811 326 1874 imperis,
339 1827 366 1860 ae
375 1813 456 1876 pstriae
466 1811 582 1875 pereuntis
592 1810 700 1858 habenas.
750 1810 783 1856 bo

106 1873 244 1933 Quinetiam
254 1876 382 1924 exhilarare
392 1877 446 1924 viris
456 1877 561 1924 convivia
571 1875 632 1924 coede
688 1905 691 1912 ι

106 1937 165 1986 Mos
175 1939 239 1999 olim,
252 1948 274 1988 et
284 1941 377 1989 miseere
388 1941 462 2004 epuiis
472 1941 600 2004 spectacula
610 1939 661 1987 dirs

106 2002 243 2052 Ces‘tantbm
253 2004 321 2063 ferro,
332 2021 392 2070 saepe
402 2013 426 2052 et
436 2019 505 2068 super
514 2005 565 2068 ipsa
575 2004 697 2053 cadmum

107 2067 205 2128 Pocula,
217 2070 324 2133 respersis
333 2085 380 2116 non
391 2085 460 2132 puroo
470 2070 581 2132 sunguine
591 2068 683 2116 mensis.

142 2131 201 2191 Has,
212 2143 265 2182 astu
276 2149 402 2196 aggressus,
414 2150 461 2197 quo
472 2143 568 2181 verteret
578 2133 653 2180 sosius
663 2147 735 2196 aegrss
752 2133 784 2178 55

106 2195 150 2244 An
160 2197 246 2260 Tyrius
255 2209 351 2258 mentes,
363 2198 418 2261 quia
427 2198 495 2246 nulli
505 2207 564 2246 sorte
574 2197 680 2244 daturam

109 2260 193 2310 Certus
203 2271 251 2310 erat
262 2263 372 2321 Romam,
383 2277 459 2326 neque
469 2263 531 2310 enim
541 2262 665 2325 impetrata
675 2261 773 2320 volebat,

108 2325 230 2378 (Pamvio
239 2327 285 2374 fuit
295 2327 359 2374 haud
369 2329 493 2374 obscurum
504 2327 599 2374 crimine
609 2334 705 2387 nomen)

108 2389 225 2438 Hortatur
235 2392 322 2440 summi
331 2400 421 2454 partem
429 2391 550 2454 deposcere
558 2391 624 2452 juris,

107 2452 191 2516 Atque
200 2456 323 2505 alternatos
332 2455 417 2503 sociato
426 2455 520 2502 oonsulo
529 2455 616 2503 fasces:
755 2455 788 2501 60

110 2517 573 2582 Etsipartitirenuautsedissecuruii,
783 2547 786 2553 ·

111 2581 290 2650 AEquatrimque
299 2583 369 2633 decus
378 2583 529 2650 genibusque
538 2584 616 2634 videre
626 2598 722 2646 secures,

834 3 928 11 v*—
