1875 2917
152 75 212 124 ‘124
285 75 397 125 slulus
413 72 587 127 luAmcus
601 72 663 123 VII.
677 74 718 121 63.

164 202 236 261 Quod
247 202 291 252 tibi
301 204 331 251 sit
341 204 469 267 Iribyaeque
478 203 547 251 satis.
566 201 685 251 oertaremt
694 215 756 249 unns
812 200 848 248 63

165 268 213 313 Ter
222 275 315 315 oentum
326 268 425 317 dextris.
446 277 495 315 tam
505 267 582 315 vivida
590 269 703 325 membra,
713 266 835 329 laborque

164 330 292 391 Providus,
301 342 324 381 et
334 332 402 380 cauta
412 324 512 380 sollertia
522 340 582 380 tecta
592 332 675 405 quiete

165 395 216 442 Neo
226 411 287 456 vero,
299 396 375 455 oalidi,
387 412 450 445 nunc
460 406 495 456 tu,
507 396 545 444 oui
555 394 674 458 sanguinis
684 403 749 455 πίοι,

164 459 276 509 Foderis'
269 476 294 508 ιιι
304 461 385 535 pugna
395 460 496 509 velocius
505 460 546 508 ilia
555 460 636 523 planti

165 524 287 573 Bellatoris
299 525 361 589 equi,
373 525 489 588 frenisque
498 524 648 573 momorderis
657 524 712 571 ora’
714 524 755 560 ’-

164 587 243 647 Quem
254 604 347 637 cernens
357 589 451 637 avidum
459 588 500 635 leti
510 597 562 651 post
569 588 625 635 talia
635 589 729 646 Poenus,

165 653 359 728 “Nequidquam
371 663 465 712 nostras,
477 652 599 709 demens,”
610 652 651 712 ait,
664 654 682 681 ‘⁶
692 650 756 700 elicis
764 650 843 709 iras,”

164 717 198 764 Et
208 718 376 781 captivaparas
386 716 505 765 moriendo
515 717 609 764 evadere
617 716 744 764 vinela
809 715 840 770 71

164 781 298 831 Viuendum
309 790 349 830 est.
373 782 449 829 Arcti
458 790 578 829 serventur
587 782 647 829 oolla
657 779 761 829 eatena?
761 803 796 816 -

165 847 242 893 Haec'
232 847 332 908 Juvenis,
345 846 458 909 Divisque
469 854 561 894 tumens
570 846 678 907 ausisque
688 843 804 893 seumdis.

196 910 232 957 At
244 911 323 961 Patres
336 910 458 972 Latiasque
468 924 541 957 nurus
550 912 657 972 raptabat
666 908 697 956 ad
707 923 759 956 aras

164 973 227 1021 Cura
237 973 322 1023 Deum.
347 974 434 1021 Moesto
444 974 538 1021 suffusae
547 973 638 1021 lumina
647 962 723 1031 vultu,
807 971 843 1027 75

165 1038 297 1097 Femineus‚
309 1047 400 1097 matres,
412 1038 517 1101 graditur
526 1038 626 1094 chorus·
619 1036 722 1084 ·ordine
731 1036 812 1100 longo,

162 1104 253 1151 Junonr
246 1102 350 1164 'pallam
360 1112 514 1165 oonceptaque
524 1110 577 1149 vota
585 1101 706 1149 ditabant.

165 1166 249 1213 “Huc
260 1166 321 1226 odeo,
332 1182 347 1214 o
356 1182 435 1229 regma
445 1166 532 1224 Deum,
544 1180 600 1228 gens
612 1176 674 1213 ousta
669 1181 823 1240 promus,

164 1231 198 1278 Et
208 1231 312 1290 ferimus,
324 1231 394 1293 digno
406 1245 557 1293 quoecumque
568 1238 604 1277 eat
612 1229 715 1289 nomine,
726 1232 795 1277 turba

163 1295 321 1354 Ausonidum,
333 1295 510 1358 pulchrumque,
522 1302 545 1341 et
555 1309 598 1341 aon
608 1294 737 1342 subtemine
748 1294 824 1354 fulvo,

164 1359 235 1418 Quod
246 1368 328 1407 nostru
338 1360 419 1407 nevere
429 1374 521 1417 manus,
530 1358 658 1406 venerabile
668 1357 763 1406 donum
805 1359 838 1406 ul
930 1387 931 1390 =

163 1423 210 1481 Ac,
222 1423 279 1471 dum
290 1422 402 1471 decrescat
412 1431 514 1471 matrum
525 1432 610 1481 metus,
620 1422 664 1470 hoc
675 1422 726 1483 tibi,
737 1422 811 1484 Diva,

164 1486 256 1534 Interea
266 1487 369 1535 velamen
380 1486 429 1535 erit
455 1486 481 1535 Si
490 1486 575 1550 pellere
584 1486 666 1534 nostris

164 1550 327 1599 Marmarioam
339 1552 403 1599 tenis
414 1554 500 1599 nubem
511 1551 585 1609 dabis,
596 1550 671 1598 omnis
681 1552 706 1599 in
714 1566 772 1600 auro

81 1655 83 1667 ,
164 1614 245 1663 Pressa
255 1616 297 1664 uu
308 1616 371 1663 varra
380 1615 479 1678 fulgebit
488 1630 581 1678 gemma
591 1615 732 1663 coronu‘-
802 1618 839 1665 οι

163 1680 260 1727 Necnon
272 1688 294 1727 et
304 1680 395 1743 proprio
406 1688 541 1727 venerantur
553 1678 649 1727 Pallada
658 1680 727 1740 dono,

164 1744 333 1807 Phoebumque,
342 1743 528 1807 armigerumque
536 1743 625 1804 Deum,
636 1744 783 1809 primamque
790 1743 838 1793 Di·

260 1823 325 1856 onen.
463 1834 466 1839 ·

164 1871 242 1920 Tanta
252 1873 316 1931 odeo,
329 1888 382 1921 cum
392 1889 428 1922 res
439 1873 542 1935 trepida,
553 1874 678 1922 merentia
686 1874 777 1922 Divum

164 1937 286 1985 Nascitur.
306 1945 331 1984 at
340 1953 396 1985 rarae
407 1938 500 1985 fumant
510 1937 615 1985 felicibus
626 1954 678 1985 arae.

195 2001 261 2049 Dum
272 2000 349 2048 Roma
359 2002 465 2065 antiquos
476 2001 568 2064 templis
578 2002 659 2050 indicit
669 2002 775 2064 honores,
801 2006 839 2053 90

161 2066 218 2113 Jam
230 2065 325 2123 Fabius,
334 2067 402 2113 tacito
413 2064 536 2129 procedens
546 2065 646 2128 agmine,
658 2074 681 2114 et
691 2075 740 2114 arte

161 2130 269 2177 Bellnndi
279 2130 342 2177 lento
352 2130 440 2189 similis,
449 2130 595 2193 praeluserat
604 2145 685 2178 omnes

162 2194 316 2257 Fortunaeque
325 2194 464 2258 hostique'
443 2209 498 2241 uas.
526 2193 679 2241 Discedere'
661 2192 732 2256 signis

163 2258 344 2306 Haudlioitum:
358 2273 523 2320 summumque
530 2258 608 2317 decus,
615 2258 731 2321 quotollis
738 2258 838 2312 odeum

162 2321 266 2384 Imperii,
275 2323 389 2397 Romane,
401 2331 478 2385 eaput,
490 2337 568 2384 parere
578 2322 680 2371 docebat·
802 2328 836 2376 95

160 2385 259 2442 Verum,
271 2387 312 2433 ubi
322 2387 396 2449 prima
407 2387 462 2433 satis
473 2394 593 2447 oonapeota
602 2386 627 2432 in
637 2386 756 2461 montibus
765 2389 820 2439 alv's

160 2448 201 2509 Sig
202 2463 232 2495 na
230 2451 330 2510 procul,
342 2450 452 2523 fulsitque
461 2449 527 2496 novis
537 2450 649 2497 exercitus
658 2450 737 2511 armis,

160 2510 263 2560 Arrecta
273 2528 324 2577 spes
334 2512 448 2570 Sidoniae3
466 2512 585 2577 fervetque
594 2513 699 2563 secundis
