1875 2917
214 91 325 144 sunus
341 92 517 144 Immone
531 94 606 146 xvt.
624 97 664 145 26.
723 98 774 153 307

96 227 157 275 Jum
168 222 657 289 Mngo‚exntusoastris‚sgitonteparore,
683 284 687 290 ,
739 227 775 275 26

97 291 128 339 In
141 289 242 364 libyum
252 304 349 400 Ἥ
359 288 486 336 transmisit
495 289 581 338 curule
590 290 650 338 velo.

129 355 198 412 Eece,
209 353 274 401 ahud
342 367 362 411 s,
373 352 437 400 haud
446 368 494 402 uno
505 362 612 402 contentu
621 355 709 412 furore,

95 417 210 467 Nutrrbat
220 418 324 464 Fortuna
331 416 395 464 duci.
427 417 493 464 Nam
503 417 606 467 concitus
617 419 720 468 Hannon

93 482 253 541 Advmtebnt,
264 495 334 544 egens
344 480 507 545 crepitantibus
518 483 612 545 agmina
621 484 687 532 cetris
736 485 772 532 ³⁰

93 549 207 607 Bubus,
219 555 242 594 et
252 545 370 608 indigenas
380 561 444 593 serus
453 548 560 609 raptabat
569 548 659 596 Iberos.

93 613 153 660 Non
163 626 209 670 ars,
221 619 262 658 aut
272 618 335 658 astrrr
345 609 409 668 belli,
421 609 457 658 vel
468 610 562 658 dexteru
571 611 658 670 duat,

93 676 122 725 Si
133 691 180 724 non
191 674 305 736 Scipisde
315 681 462 722 concurreret
495 673 585 724 Omnia
593 675 676 725 ductor

94 741 189 804 Magna
198 740 255 788 adeo
265 738 385 786 Ausonius
395 738 479 800 majori
489 738 551 787 mole
560 742 694 802 premebate

95 805 134 852 Ut
144 804 232 853 Phoebe
242 803 327 863 stellas,
338 811 366 850 nt
375 801 451 850 frenis
461 803 551 851 luminu
559 804 662 853 Pboeben
736 807 770 854 ³5

93 869 255 933 Exsuperant,
265 875 400 930 montesque
409 867 489 926 Atlas,
500 876 524 915 et
533 867 632 917 flumina
641 870 720 932 Nilus,

94 934 134 982 Ut
142 942 208 996 pater
217 932 326 981 oceanus
337 931 457 996 Neptunia
466 933 551 981 conus
561 933 640 982 vineit.

92 997 230 1046 vallantem
241 1004 314 1044 castra
326 997 433 1060 (obscuro
442 1011 498 1044 narn
510 995 598 1061 Vesper
608 998 715 1063 Olympo

93 1061 204 1110 Fundere
214 1075 260 1110 non
272 1076 363 1124 equam
373 1059 497 1122 trepidanti
507 1070 605 1124 ooeperst
614 1063 737 1126 umbram)

91 1125 239 1190 Aggreditur
249 1125 331 1174 leutius
341 1133 428 1180 rectnr3
446 1124 568 1189 subitoque
578 1127 682 1176 tumultu
735 1129 770 1178 to

93 1191 224 1241 Caeduntur
233 1188 320 1254 passim
331 1188 398 1253 nupti
408 1188 540 1237 munimine
550 1191 606 1238 valli

92 1255 242 1318 Imperfecta.
273 1255 468 1317 Supercontexbre
479 1253 575 1302 herbids
584 1255 661 1319 lapsos

92 1319 209 1380 Pondere,
221 1328 244 1367 et
254 1319 280 1366 in
290 1319 376 1366 tumuli
386 1317 496 1366 conoessit
505 1334 589 1382 cespes
598 1319 719 1370 honorem.

127 1383 176 1434 vix
187 1383 230 1431 uni
240 1398 305 1432 mens
316 1383 387 1446 digna
396 1381 453 1442 viro,
465 1383 554 1431 novisse
564 1383 664 1434 minores

94 1448 176 1508 Quam
187 1448 274 1508 deceat,
285 1447 431 1524 pretiumque
441 1447 515 1510 operis
526 1447 556 1496 sit
566 1449 654 1497 trudere
664 1451 742 1501 fame.

93 1513 313 1576 Contuberingenro
323 1513 480 1560 membrorum
491 1520 515 1559 et
524 1513 586 1561 mole
597 1514 682 1575 timeri,
730 1518 766 1565 ts

90 1577 143 1626 vet
151 1576 229 1625 nudus
239 1576 298 1636 telis,
309 1584 398 1640 poteret
408 1575 492 1623 Imma
525 1576 573 1625 Hic
583 1577 640 1638 fero,
652 1579 729 1642 guttis

89 1641 169 1702 Mors,
181 1640 308 1703 soeurigerd
318 1640 428 1688 miscebat
438 1639 519 1702 proeliu
527 1640 624 1691 dextri:

89 1707 165 1782 Εἰμὶ
234 1721 289 1752 uam
300 1703 376 1764 fundi,
388 1719 413 1752 se
423 1703 517 1763 circum,
529 1705 598 1768 pulsa
608 1706 695 1756 videret

89 1770 206 1834 Agmrnn,
233 1768 394 1832 elestgenulis
403 1769 466 1832 pube
476 1777 580 1828 marm,
732 1775 767 1822 50

91 1835 212 1884 cesorum
222 1834 334 1897 implebat
343 1833 406 1882 solus
416 1833 482 1890 locu
499 1848 540 1881 seu
550 1834 610 1883 soret
617 1834 691 1886 hostis

92 1898 240 1958 Comminus,
297 1897 340 1946 leri
350 1898 465 1960 gaudebat
476 1898 570 1946 minere
580 1898 664 1948 frontis

89 1963 219 2012 Adversus
236 1977 276 2010 seu
329 1961 629 2023 asciesinbellavoceret,

91 2027 196 2091 Obliquo
205 2027 278 2075 telum
288 2026 400 2075 reflexum
411 2025 490 2088 Marte
500 2028 599 2075 rotabat

88 2095 135 2153 At,
146 2106 200 2140 cum
211 2106 271 2154 pone
280 2091 345 2138 ferox
355 2091 428 2139 eversi
438 2090 463 2138 in
474 2099 540 2154 terga
549 2093 636 2141 reniret
731 2097 764 2142 to

89 2159 180 2214 Victor,
192 2155 225 2206 nil
287 2155 293 2167 '
310 2171 352 2202 ans
360 2163 421 2203 retro
429 2157 517 2217 jactare
525 2156 652 2219 bipennem

89 2222 204 2278 callebat,
216 2235 248 2267 nu
292 2219 348 2267 belli
358 2233 404 2266 non
415 2228 481 2284 parte
491 2219 616 2268 timendus.

89 2288 155 2336 Huic
165 2284 230 2333 ducis
238 2284 318 2333 invicti
328 2299 451 2347 germanus
461 2284 554 2332 turbine
564 2293 629 2333 vasto

88 2352 166 2414 Scipio
177 2357 329 2412 contorquens
339 2348 439 2408 hostum,
451 2349 540 2396 cudone
550 2358 666 2399 comantes

86 2413 186 2478 Disjeoit
195 2413 276 2463 crines.
311 2414 422 2477 Namque
432 2413 501 2462 altius
511 2422 562 2462 ectu
571 2415 672 2463 cucurrit
729 2417 767 2464 60-

86 2480 182 2543 Guspis,
193 2486 216 2526 et
226 2477 287 2527 eluti
297 2477 378 2540 procul
389 2486 423 2524 est
433 2478 506 2538 ejecta
515 2478 596 2525 securi.

121 2545 157 2592 At
165 2543 265 2605 juvenis,
276 2542 315 2590 oui
324 2541 396 2589 telum
408 2541 490 2604 ingens
500 2551 623 2590 coemat
632 2544 677 2603 irs,

84 2607 247 2670 narbonem,
256 2606 362 2658 oscillent
370 2620 455 2669 magno
465 2605 572 2668 elamore,
583 2607 710 2672 bipennem
