1875 2917
233 94 344 143 SILIUS
361 92 533 143 ITALIGUS.
550 94 595 144 lv.
611 95 651 141 26.
745 90 774 137 61

103 221 237 285 Praeeipitat
248 223 325 278 timor,
338 239 365 272 ae
374 226 443 272 vasus
454 222 582 286 trepidatio·
591 222 615 269 in
627 221 694 269 arvis.
744 220 776 265 26

102 286 232 335 Desenrere
241 288 314 335 larem
323 305 329 335 ε
347 297 439 351 portant
448 288 573 337 uerticibus
583 300 656 349 agras

100 352 206 398 Attoniti
216 360 314 409 matres;
329 352 483 417 ducentosque
492 351 577 399 ultima
585 351 626 398 fila

102 416 245 463 Graudaevos
256 418 352 479 rapuere
363 432 440 465 senes:
459 426 518 476 tum,
530 416 592 463 crine
601 415 686 474 soluto,

99 481 166 527 Ante
177 480 253 543 agitur
263 482 363 542 conjux:
381 481 462 529 dextri
472 480 576 543 lienique
587 478 710 528 trahuntur
740 478 775 525 30

100 544 180 603 Parvi,
192 560 239 591 non
251 562 317 607 aequo
327 546 461 593 comitantes
472 544 559 602 ordine,
571 545 627 591 nau.

100 609 140 656 Sic
152 609 236 671 vulgus
247 610 386 673 traduntque
396 619 487 657 metues
507 623 549 656 nee
559 609 660 671 poscitur
670 615 758 655 auctor.

133 672 170 720 At
181 673 261 721 Patres
271 678 423 738 (quamquam
435 676 549 723 exterrent
558 673 670 721 imsuania
679 680 762 734 ooepta,

100 737 178 799 Inque
189 737 241 785 sinu
252 738 350 795 bellum,
359 744 430 801 atque
440 738 515 801 Alpes
525 746 548 785 et
558 738 636 800 pervia
645 752 702 783 saxa

100 801 230 865 Deuepere>
240 811 317 849 tamen
328 802 422 851 amdam
435 810 514 849 corsua
523 816 602 864 aspera
611 809 722 857 mentam,
739 800 773 845 35

98 866 133 912 Et
143 880 240 929 magnos
250 866 336 913 tollunt
346 867 442 915 animos.
474 866 551 914 Juvat
560 866 593 913 ire
632 864 693 911 rielis

98 930 141 977 Ad
149 930 230 987 idaeus,
242 938 265 977 et
274 930 356 979 dextri
365 930 541 979 memorandum
552 880 648 978 oonsieie
658 943 752 985 nomen,

99 994 178 1053 Quale
188 994 251 1042 dedit
261 1009 381 1058 nunquam
393 998 460 1043 rebus
472 996 575 1043 Fortuna
585 992 697 1042 secundis.

130 1058 177 1107 Sed
188 1058 270 1122 Libyae
280 1060 361 1107 ductor
371 1070 422 1107 tuto
431 1059 495 1107 fovet
504 1060 598 1123 agmina
607 1060 677 1119 vallo,

97 1122 170 1170 Fessa
180 1123 287 1185 gradum,
299 1124 420 1187 multoque
429 1125 482 1187 gelu
494 1125 608 1185 torpentia
617 1138 713 1172 nervose
739 1124 773 1170 40

98 1187 239 1251 Solandique
250 1202 330 1249 genus,
341 1188 400 1236 latis
409 1197 509 1236 ostentat
518 1187 548 1235 ad
558 1189 646 1236 Urbem

98 1252 145 1299 Per
156 1266 249 1315 campos
260 1266 376 1315 superesse
387 1253 457 1311 viam,
470 1254 618 1315 Romamque
628 1254 673 1299 sub
683 1252 738 1300 ictu.

97 1317 136 1363 At
146 1330 194 1363 non
205 1326 228 1363 et
237 1330 314 1364 rerum
324 1332 390 1365 ouras
399 1317 549 1380 consultaque
558 1317 614 1364 belli

97 1381 165 1427 Stare
193 1382 273 1434 robste
291 1382 398 1445 solusque
409 1381 490 1444 nequit
500 1382 599 1444 perterre
609 1380 719 1445 quietem.

97 1396 224 1492 Armiiiirae
234 1445 360 1508 quondam,
372 1446 445 1507 prisea
455 1447 515 1493 inter
525 1454 637 1507 ternpore,
648 1454 728 1507 gentes
739 1445 771 1489 45

97 1508 233 1556 Ausonium
244 1508 346 1557 invasere
355 1509 425 1563 latus,
436 1509 545 1573 sedesque
554 1512 647 1564 beatasz

96 1573 131 1619 Et
141 1572 215 1620 metui
225 1575 333 1636 peperere
344 1588 423 1621 mauu.
455 1574 517 1621 Mox
527 1575 601 1636 impia
612 1575 672 1622 bella

98 1637 214 1700 Tarpeius
225 1647 289 1701 pater
299 1648 322 1685 et
334 1638 395 1701 capti
405 1640 494 1686 sensere
503 1640 615 1698 Quirites.

96 1701 147 1749 Hic
157 1701 214 1748 dum
226 1700 331 1749 sollicitat
341 1702 414 1758 (lonis
425 1712 448 1751 et
458 1702 537 1751 inania
546 1702 615 1751 eorda

95 1767 136 1813 Aa
146 1765 235 1813 fluxam
247 1780 339 1813 morum
350 1776 442 1828 gentem
453 1766 524 1825 fovet,
535 1782 645 1831 armoque
652 1767 740 1830 jungit,

95 1831 155 1877 Jam
167 1830 264 1889 Consul,
274 1830 360 1879 volueri
370 1840 495 1894 praevectus
505 1832 573 1879 litora
583 1832 661 1891 classe,
740 1832 768 1877 51
820 1885 822 1892 Ι

95 1894 175 1957 Scipio
187 1894 306 1943 Phooa'icis
316 1910 363 1943 sese
374 1896 485 1943 referebat
494 1898 524 1943 ab
534 1896 593 1943 oris:

96 1959 255 2022 Ingentesque
265 1959 342 2019 duces„
354 1960 430 2023 pelagi
440 1969 552 2024 terraque
561 1962 663 2008 laborem

96 2022 224 2071 Diversum
235 2038 346 2083 emensos,
358 2025 464 2087 propiora
475 2024 577 2089 pericula
586 2026 648 2073 sallo

96 2088 117 2135 J
118 2090 245 2150 ungebant,
256 2102 394 2152 magnaque
404 2088 499 2137 aderant
508 2090 634 2153 primordia
643 2088 722 2137 eladis.
739 2090 771 2134 55

96 2151 217 2215 Namque,
229 2161 265 2209 ut,
276 2152 365 2201 oollatis
375 2152 469 2201 admoto
476 2148 578 2201 Consule
587 2154 674 2211 astris,

95 2215 227 2264 sustulerat
237 2216 341 2265 Fortuna
350 2232 436 2275 moras,
447 2218 587 2281 signumque
597 2216 680 2264 furoris

95 2279 398 2344 Accenssevisoposcebant
408 2282 474 2330 hoste
483 2282 598 2330 oohortesz
774 2339 776 2344 Ι

96 2348 114 2373 “
125 2344 248 2393 Debellata
258 2346 347 2408 procul,
359 2360 512 2410 quacumque
523 2346 653 2409 [coluntur]
665 2346 766 2403 Iberis‚''

97 2408 192 2471 Ingenti
202 2410 289 2473 Tyrius
300 2422 422 2458 numerosa
431 2426 473 2474 per
482 2411 576 2473 agmina
585 2410 666 2459 ductor
738 2412 771 2458 60

95 2472 161 2521 Voce
171 2484 253 2521 sonat:
268 2478 286 2503 ‘⁶
298 2488 344 2522 non
357 2475 463 2538 Pyrenen
475 2475 646 2523 Rhodanumue
656 2475 754 2523 ferocem

94 2537 112 2586 J
115 2552 167 2585 ussa
177 2537 340 2602 adspernatos;
353 2540 468 2588 Rutulam
480 2540 583 2588 morasse
590 2542 737 2603 Saguntumt
773 2549 777 2553 “

95 2602 202 2664 Raptum
212 2618 253 2666 per
262 2603 339 2653 Celtas
349 2604 407 2661 iter;
423 2613 455 2664 et,
466 2604 515 2669 qua
524 2618 609 2667 ponere
619 2618 723 2666 gressum

126 2679 189 2714 von.
208 2680 227 2714 1.
625 2680 643 2713 o
