1875 2917
251 409 293 484 C.
321 407 449 484 SILII
486 409 700 486 ITALICI

328 601 616 665 PUNICORUM

388 774 497 824 LIBER
513 774 562 824 VI.

428 934 519 972 -4-

135 1059 202 1119 Jam,
215 1057 358 1107 Tartessium
368 1074 427 1123 quos
438 1059 536 1107 solverat
546 1074 646 1122 aequore,
658 1058 741 1118 Titan,

136 1122 167 1170 In
177 1132 269 1172 noctem
279 1122 386 1183 diffusus,
398 1138 470 1187 equos
478 1124 592 1187 jungebat
602 1123 660 1171 Eois

136 1186 270 1245 Litoribuss
284 1186 400 1252 primique
410 1203 470 1236 novo
478 1188 624 1237 Phaethonte
634 1187 721 1247 retecti,

137 1252 203 1301 Seres
212 1252 320 1315 lanigeris
385 1255 465 1301 tabant
475 1253 561 1301 vellera
571 1253 646 1301 luciae

135 1316 170 1365 Et
179 1316 239 1365 foeda
249 1326 303 1364 ante
312 1332 340 1365 oc
365 1332 391 1364 os
401 1326 494 1379 strages,
505 1318 646 1381 propiusque
655 1318 752 1380 patebat
794 1320 814 1364 5

81 1386 88 1395 “
135 1380 218 1428 Insani
229 1381 344 1429 Mavortis
355 1397 427 1444 opus:
446 1382 514 1429 umul
526 1397 591 1430 arma
601 1382 698 1444 virique,

134 1444 174 1492 Ae
184 1445 272 1493 mixtus
282 1445 379 1508 sonipes,
391 1445 533 1509 dextrasque,
544 1446 569 1492 in
581 1444 681 1507 [funera
693 1447 778 1510 emam]

135 1509 257 1557 Haerentes
266 1509 353 1557 hastist
368 1510 454 1585 passim
465 1510 587 1573 clypeique
594 1512 712 1573 juboeque,

134 1572 217 1637 Atque
227 1582 290 1621 artus
301 1582 377 1622 truncr
387 1575 498 1639 capitum,
509 1574 642 1638 fractusque
649 1575 741 1635 jaoebat

134 1637 234 1686 Ossibus
244 1637 268 1685 in
281 1638 346 1687 duris
356 1638 431 1687 ensis:
448 1654 491 1687 nec
501 1654 592 1687 eernere
604 1638 682 1687 demat
780 1638 814 1685 lo

134 1701 231 1749 Frustra
241 1703 381 1751 seminecum
393 1703 519 1766 querentis
528 1702 620 1750 lumina
630 1702 722 1751 eoelum.

135 1764 201 1813 Tum
212 1781 324 1830 spumans
335 1768 481 1827 inuiolatus,
493 1775 517 1815 et
527 1767 642 1815 fluitantia
651 1781 753 1827 summo,

135 1830 260 1878 AEternum
271 1832 369 1879 tumulis
379 1833 466 1891 orbata,
478 1831 588 1880 eadarm
598 1843 676 1895 pontu.

167 1895 219 1943 Nec
229 1903 307 1943 tamen
318 1895 417 1944 adversm
428 1896 503 1944 fluerat
512 1895 585 1943 fracta
595 1896 656 1943 Itala
667 1895 746 1943 virtus.

134 1959 243 2007 Bruttius
253 1959 342 2022 ingenti
352 1960 664 2017 miserandaeeoedisaeerso‚
780 1958 813 2006 15

134 2024 191 2071 Non
202 2038 297 2087 aequum
308 2032 424 2072 ostentans
434 2024 538 2072 mufmso
548 2038 642 2087 corpore
653 2024 765 2083 Martem,

133 2086 259 2136 Extulerat
269 2088 310 2136 vix
320 2088 384 2136 triste
395 2098 472 2152 eaput,
483 2096 622 2152 trunmsque
631 2089 739 2137 trahebat

134 2152 181 2200 Per
191 2161 299 2216 stragem,
311 2153 386 2201 nervis
397 2152 595 2212 interlabentibus,
606 2160 685 2212 artus3

134 2216 225 2265 Tenuis
235 2231 315 2281 opum,
328 2232 375 2264 nou
386 2224 451 2280 patre
461 2217 546 2277 nitens,
558 2217 684 2280 linguire3
696 2216 738 2264 aad
745 2231 814 2280 asper

134 2278 214 2328 Enser
232 2295 275 2329 nec
285 2297 298 2328 e
308 2280 395 2331 Volsci
406 2281 531 2345 quisquam
541 2281 577 2329 vir
586 2286 656 2345 gente
665 2280 764 2329 redenuit
779 2283 815 2330 20

135 2344 194 2392 Plus
205 2344 262 2392 revit
284 2343 351 2405 [nam
362 2346 526 2407 magnanimus
535 2361 594 2409 puer
603 2344 688 2395 addere
697 2360 754 2405 sese,

136 2409 280 2457 Pubescente
290 2409 358 2471 gent,
369 2410 448 2457 mauis
455 2410 565 2473 optarat]
579 2419 602 2457 et
612 2410 660 2458 acri

136 2472 256 2519 Flaminio
266 2480 380 2536 spectatus
390 2482 446 2532 erat,
458 2489 512 2521 cum
524 2473 612 2522 cuum
621 2474 694 2523 rietur

139 2535 256 2584 Obruerat
265 2536 327 2584 bello
337 2536 405 2585 Divis
415 2538 550 2586 melioribus
559 2553 631 2585 arma.

139 2598 201 2647 Inde
210 2599 292 2660 honor,
304 2615 331 2649 aa
341 2616 409 2649 saure
419 2602 523 2652 mstodia
531 2602 610 2652 Marte
619 2603 664 2652 sub
673 2602 740 2651 omni
782 2605 818 2651 2⁵
